2430 3918
453 378 541 436 Ferziz
569 376 598 435 V.

289 544 382 602 Menti
402 541 455 600 sed
475 551 606 599 aeternae
628 541 708 598 cibus

288 626 416 684 Debetur
437 623 522 680 alter:
545 622 616 680 haec
639 621 695 678 Dei

289 708 427 766 Sermone
449 705 531 762 vivit:
552 704 627 762 hanc
648 703 725 761 fovet

289 788 428 847 Coelestis
449 796 478 844 et
502 787 588 844 nutrit
608 785 688 843 fides.

290 920 428 992 Quaesita
450 917 555 976 Christi
576 917 715 992 sanguine

289 1001 418 1059 Manavit
439 1000 468 1056 in
489 1009 578 1056 terras
599 997 679 1067 fides,

288 1083 325 1142 Et
345 1082 498 1157 impianun
519 1090 635 1156 pectora

288 1165 397 1222 Victrix
418 1162 531 1236 subegit
552 1162 688 1236 gentium.

290 1296 350 1352 Fax
371 1294 418 1351 illa
439 1294 517 1368 puris
538 1292 672 1349 cordibus

289 1377 451 1435 Monstra-re
472 1373 570 1432 coelos
591 1373 700 1442 efficax,

289 1459 415 1515 Actema
435 1456 530 1530 dignis
551 1455 649 1535 incitat

289 1539 383 1596 Factis
403 1537 505 1595 mereri
526 1537 661 1612 praemia.

290 1669 386 1726 Sancti
407 1668 533 1736 leonum,
555 1683 607 1740 per
628 1664 725 1734 fidem,

290 1750 415 1808 Mulsere
437 1748 564 1822 rugitus:
590 1755 683 1803 truces

289 1832 410 1906 Fregere
431 1837 603 1904 regnantum
624 1827 734 1896 minas;

290 1912 390 1970 Risere
412 1903 562 1968 stridentc‘s
583 1926 679 1983 rogos.

290 2044 356 2101 Hac
378 2044 441 2100 luce
462 2042 615 2116 signatum,
636 2039 726 2109 Deus,

290 2125 408 2192 Calcare
430 2124 508 2181 dona
528 2123 679 2192 tramitem,

292 2207 327 2264 Et
349 2205 471 2263 caritatis
491 2205 594 2262 uberes

291 2289 411 2345 Fructus
433 2285 530 2344 eundo
550 2303 674 2360 carpere.

290 2419 356 2476 Deo
377 2418 453 2476 Patri
474 2418 510 2475 sit
531 2415 629 2492 gloria,

291 2501 419 2576 Ejusque
441 2497 595 2566 sobrino,

293 2582 399 2640 Sancto
420 2579 505 2638 simul
526 2596 593 2637 cum
615 2576 728 2651 Spiritu,

292 2662 386 2732 Nunc,
408 2671 436 2720 et
457 2679 508 2737 per
527 2676 615 2717 omne
636 2657 771 2716 seculum.

427 2873 473 2915 AD
498 2869 633 2915 LAUDES.

293 2980 404 3054 Dignus
425 2977 498 3052 quis
520 2974 548 3034 O
569 2973 658 3041 Deus,
679 2970 730 3028 tibi

294 3060 409 3119 Laudes
430 3058 576 3134 rependat,
599 3054 648 3130 qui
669 3062 719 3110 tuo

294 3142 378 3201 Pellis
399 3141 530 3200 tenebras
552 3136 666 3204 lumine,

295 3223 398 3282 Salutis
419 3233 448 3281 et
468 3229 610 3280 monstras
632 3216 727 3274 viam?

750 3308 768 3351 o
