2478 3928
259 429 314 466 100

493 402 532 462 In
552 401 634 461 Festo
657 403 813 461 Trinitatis.

418 568 472 626 Est
491 577 569 626 totus
588 567 619 624 in
639 566 717 624 Nato
739 567 829 636 Pater,

419 651 454 711 In
475 649 558 708 Patre
579 658 656 707 totus
677 649 783 720 Filius;

420 731 556 807 Natoque
575 730 679 806 plenus
699 749 734 787 ac
756 731 838 789 Patre

423 813 503 872 Inest
523 813 636 886 utrique
658 811 787 887 Spiritus.

424 974 513 1046 Quod
532 972 625 1032 Natus
646 984 698 1044 est,
718 974 775 1040 hoc
797 975 934 1053 Spiritus;

425 1057 494 1119 Hoc
514 1065 558 1114 est
578 1065 697 1132 uterque
719 1057 798 1132 quod
820 1058 919 1116 Pater:

426 1137 501 1195 Tres
520 1155 585 1195 una·
601 1155 715 1195 summa
735 1138 865 1197 Veritas:

426 1218 501 1282 Tres
520 1237 579 1276 una
600 1237 714 1277 summa
736 1219 855 1279 Caritas.

425 1383 552 1443 Aetema
572 1381 649 1439 Patri
669 1382 768 1456 gloria,

428 1463 563 1539 Natoque
584 1464 620 1521 sit
641 1482 708 1520 cum
729 1464 843 1540 Spin'tu,

430 1545 489 1617 Qui
509 1546 575 1608 vivit
595 1555 624 1603 et
643 1555 744 1620 regnat
764 1545 846 1603 Deus

429 1627 465 1683 ln
485 1626 647 1685 seculorum
668 1627 771 1684 secula.

593 1807 745 1815 ——-a

350 1927 393 1983 IN
417 1924 548 1985 FESTO
578 1925 785 1994 CORPORIS
811 1925 990 1984 CHRISTI.

504 2073 550 2116 uu
572 2073 726 2117 osu1c1uu
748 2074 843 2118 Nocr.

356 2195 449 2254 Sacris
471 2193 616 2252 solemniis
636 2193 735 2270 juncta
756 2194 811 2252 sint
831 2195 944 2269 gaudia,

355 2277 393 2334 Et
413 2295 448 2334 ex
470 2276 642 2351 praecordiis
663 2285 767 2333 sonent
786 2277 955 2351 praeconia:

357 2358 506 2416 Recedant
526 2367 628 2426 vetera,
650 2373 725 2413 nova
745 2357 801 2414 sint
822 2359 928 2427 omnia,

439 2438 543 2527 Corda,
564 2456 659 2508 voces,
680 2448 708 2496 et
729 2456 824 2513 opera.

361 2601 462 2659 Noctis
482 2600 614 2659 recolitur
635 2618 726 2658 coena
747 2601 910 2671 novissima,

362 2682 429 2754 Qua
450 2681 580 2740 Christus
600 2684 722 2741 creditur
743 2700 851 2757 agnum
873 2694 901 2741 et
922 2701 1022 2756 azyma

361 2764 484 2822 Dedisse
505 2764 645 2829 fratribus,
664 2765 746 2840 juxta
766 2765 892 2839 legitima

444 2844 546 2904 Priscis
567 2845 676 2904 indulta
695 2845 831 2920 patribus.

365 3007 433 3065 Post
454 3026 562 3084 agnum
582 3009 718 3084 typicum,
740 3008 860 3084 expletis
881 3008 980 3083 epulis,

366 3089 478 3166 Corpus
500 3090 687 3148 Dominicum
709 3091 807 3148 datum
830 3090 982 3166 discipulis,

366 3171 413 3228 Sic
434 3181 526 3230 totum
547 3172 689 3236 omnibus,
711 3173 791 3247 quod
812 3182 904 3231 totum
926 3172 1053 3246 singulis,

445 3253 516 3330 Ejus
530 3253 651 3312 fatemur
671 3254 812 3314 manibus,
