2514 3934
303 375 354 432 162

540 372 669 436 Omnium
691 369 864 430 Sanctorum.

376 534 478 594 Pronis
499 535 582 592 turba
603 552 704 593 senum
726 551 831 592 cernua
852 532 1001 606 frontibus,

377 618 453 674 Inter
473 625 515 674 tot
535 615 608 674 rutili
630 615 741 693 fulgura
761 615 884 686 luminis,

376 698 521 773 Regnanti
541 697 670 756 Domino
691 698 810 755 devovet
831 715 926 768 aurea,

456 778 541 851 Quae
562 780 652 854 ponit,
674 779 844 838 diademata.

376 942 485 1000 Gentes
507 942 682 1011 innumerae,
704 942 878 1018 conspicuae
900 943 987 1001 stolas

373 1024 452 1099 Agni
473 1041 618 1099 purpureo
639 1023 778 1098 sanguine
799 1024 944 1094 candidas,

376 1104 482 1163 Palmis
504 1105 578 1162 laeta
598 1104 711 1174 cohors,
733 1105 863 1164 cantibus
884 1107 1003 1163 aemulis

456 1185 515 1243 Ter
536 1196 667 1244 sanctum
688 1186 832 1244 celebrant
852 1185 957 1245 Deum.

376 1349 418 1406 Sit
439 1349 500 1408 laus
522 1366 636 1407 summa
656 1347 740 1418 Patri,
763 1366 933 1426 summaque
955 1349 1043 1409 Filio:

376 1431 417 1488 Sit
438 1449 498 1506 par,
521 1440 626 1502 sancte,
649 1429 699 1488 tibi
721 1430 782 1489 laus
804 1449 928 1507 quoque,
951 1431 1081 1508 Spiritus,

374 1511 434 1583 Qui
455 1512 507 1570 das
528 1530 582 1588 pro
602 1512 718 1582 meritis,
741 1512 866 1587 optimus
888 1514 999 1582 arbiter,

455 1593 500 1651 Te
522 1603 613 1652 totum
636 1593 720 1652 simul
741 1594 883 1653 omnibus.

594 1927 640 1970 AD
661 1926 796 1970 LAUDES.

373 2145 499 2221 Hymnis
520 2144 590 2204 dum
611 2155 726 2204 resonat
747 2144 824 2202 curia
845 2129 996 2215 Coclitum,

372 2227 430 2286 Hic
452 2228 554 2290 flemus
575 2227 673 2302 patriis
695 2226 800 2284 finibus
822 2226 936 2285 exules:

454 2309 511 2367 Hic
533 2326 674 2383 suspensa
695 2317 826 2366 tenemus

453 2388 543 2449 Mutis
564 2390 694 2448 cantibus
715 2406 839 2464 organa:

371 2553 498 2624 Quando
519 2571 602 2611 mens
623 2552 729 2612 misero
750 2550 837 2609 libera
858 2567 970 2610 carcere

372 2634 409 2693 Se
431 2637 530 2694 vestris
552 2635 661 2693 sociam
683 2633 812 2692 coetibus
834 2633 955 2704 inseret;

451 2715 497 2786 Et,
519 2715 640 2791 caligine
660 2715 752 2790 pulsa,

451 2796 533 2855 Coeli
554 2796 648 2855 lucem
669 2796 881 2854 habitabimus?

370 2958 519 3017 Obscurae
540 2957 649 3035 fugient
669 2958 773 3018 mentis
793 2958 942 3034 imagines,

369 3039 445 3098 Cum
467 3050 574 3099 stantes
595 3041 714 3116 propius
735 3039 850 3098 luminis
871 3040 908 3098 ad
927 3040 1019 3115 jubar,

450 3121 514 3180 Nos
535 3140 633 3179 vemm
655 3123 716 3180 sine
738 3121 814 3179 nube

451 3202 520 3278 Ipso
542 3202 670 3261 insonte
692 3202 859 3262 videbimus.
