<?xml version="1.0" encoding="UTF-8"?>
<!DOCTYPE html PUBLIC "-//W3C//DTD XHTML 1.0 Transitional//EN"
    "http://www.w3.org/TR/xhtml1/DTD/xhtml1-transitional.dtd">
<html xmlns="http://www.w3.org/1999/xhtml" xml:lang="en" lang="en">
 <head>
  <title>
</title>
<meta http-equiv="Content-Type" content="text/html;charset=utf-8" />
  <meta name='ocr-system' content='tesseract 3.04.00' />
  <meta name='ocr-capabilities' content='ocr_page ocr_carea ocr_par ocr_line ocrx_word'/>
</head>
<body>
  <div class='ocr_page' id='page_1' title='image "./hymniecclesiae01churgoog_0105.png"; bbox 0 0 2478 3928; ppageno 0'>
   <div class='ocr_carea' id='block_1_1' title="bbox 286 390 325 444">
    <p class='ocr_par' dir='ltr' id='par_1_1' title="bbox 286 390 325 444">
     <span class='ocr_line' id='line_1_1' title="bbox 286 390 325 444; baseline 0 0"><span class='ocrx_word' id='word_1_1' title='bbox 286 390 325 444; x_wconf 88' lang='lat'>88</span> 
     </span>
    </p>
   </div>
   <div class='ocr_carea' id='block_1_2' title="bbox 501 389 871 462">
    <p class='ocr_par' dir='ltr' id='par_1_2' title="bbox 501 389 871 462">
     <span class='ocr_line' id='line_1_2' title="bbox 501 389 871 462; baseline 0.038 -14"><span class='ocrx_word' id='word_1_2' title='bbox 501 389 539 450; x_wconf 85' lang='lat' dir='ltr'>In</span> <span class='ocrx_word' id='word_1_3' title='bbox 563 393 667 454; x_wconf 81' lang='lat' dir='ltr'>Octava</span> <span class='ocrx_word' id='word_1_4' title='bbox 687 399 871 462; x_wconf 69' lang='lat' dir='ltr'>Ascensiomi.</span> 
     </span>
    </p>
   </div>
   <div class='ocr_carea' id='block_1_3' title="bbox 404 553 868 884">
    <p class='ocr_par' dir='ltr' id='par_1_3' title="bbox 404 553 868 884">
     <span class='ocr_line' id='line_1_3' title="bbox 406 553 823 635; baseline 0.034 -26"><span class='ocrx_word' id='word_1_5' title='bbox 406 553 473 611; x_wconf 90' lang='lat' dir='ltr'>Pios</span> <span class='ocrx_word' id='word_1_6' title='bbox 494 555 592 616; x_wconf 87' lang='lat' dir='ltr'>locans</span> <span class='ocrx_word' id='word_1_7' title='bbox 610 559 647 617; x_wconf 94' lang='lat' dir='ltr'>ad</span> <span class='ocrx_word' id='word_1_8' title='bbox 669 560 823 635; x_wconf 86' lang='lat' dir='ltr'>dexteram,</span> 
     </span>
     <span class='ocr_line' id='line_1_4' title="bbox 405 633 821 712; baseline 0.034 -21"><span class='ocrx_word' id='word_1_9' title='bbox 405 633 529 710; x_wconf 89' lang='lat' dir='ltr'>Repellit</span> <span class='ocrx_word' id='word_1_10' title='bbox 550 639 596 712; x_wconf 52' lang='lat' dir='ltr'>ad,</span> <span class='ocrx_word' id='word_1_11' title='bbox 608 641 719 700; x_wconf 78' lang='lat' dir='ltr'>laevam</span> <span class='ocrx_word' id='word_1_12' title='bbox 740 664 821 704; x_wconf 89' lang='lat' dir='ltr'>reos:</span> 
     </span>
     <span class='ocr_line' id='line_1_5' title="bbox 405 714 868 801; baseline 0.037 -30"><span class='ocrx_word' id='word_1_13' title='bbox 405 714 492 774; x_wconf 87' lang='lat' dir='ltr'><strong>Novit</strong></span> <span class='ocrx_word' id='word_1_14' title='bbox 512 736 632 796; x_wconf 84' lang='lat' dir='ltr'>gregem</span> <span class='ocrx_word' id='word_1_15' title='bbox 653 723 754 782; x_wconf 88' lang='lat' dir='ltr'>Pastor</span> <span class='ocrx_word' id='word_1_16' title='bbox 775 746 868 801; x_wconf 85' lang='lat' dir='ltr'>suum,</span> 
     </span>
     <span class='ocr_line' id='line_1_6' title="bbox 404 796 820 884; baseline 0.034 -30"><span class='ocrx_word' id='word_1_17' title='bbox 404 796 482 856; x_wconf 90' lang='lat' dir='ltr'>Oves</span> <span class='ocrx_word' id='word_1_18' title='bbox 503 801 540 857; x_wconf 96' lang='lat' dir='ltr'>ab</span> <span class='ocrx_word' id='word_1_19' title='bbox 560 801 659 862; x_wconf 89' lang='lat' dir='ltr'>haedis</span> <span class='ocrx_word' id='word_1_20' title='bbox 680 820 820 884; x_wconf 85' lang='lat' dir='ltr'>segregat.</span> 
     </span>
    </p>
   </div>
   <div class='ocr_carea' id='block_1_4' title="bbox 399 944 883 1272">
    <p class='ocr_par' dir='ltr' id='par_1_4' title="bbox 399 944 883 1272">
     <span class='ocr_line' id='line_1_7' title="bbox 402 944 803 1027; baseline 0.032 -26"><span class='ocrx_word' id='word_1_21' title='bbox 402 945 450 1003; x_wconf 91' lang='lat' dir='ltr'>Ad</span> <span class='ocrx_word' id='word_1_22' title='bbox 469 944 578 1022; x_wconf 80' lang='lat' dir='ltr'>Judicis</span> <span class='ocrx_word' id='word_1_23' title='bbox 599 952 700 1010; x_wconf 90' lang='lat' dir='ltr'>sedent</span> <span class='ocrx_word' id='word_1_24' title='bbox 720 954 803 1027; x_wconf 86' lang='lat' dir='ltr'>latus,</span> 
     </span>
     <span class='ocr_line' id='line_1_8' title="bbox 401 1026 883 1110; baseline 0.035 -28"><span class='ocrx_word' id='word_1_25' title='bbox 401 1026 593 1105; x_wconf 90' lang='lat' dir='ltr'>Quicumque,</span> <span class='ocrx_word' id='word_1_26' title='bbox 615 1034 716 1108; x_wconf 88' lang='lat' dir='ltr'>spretis</span> <span class='ocrx_word' id='word_1_27' title='bbox 738 1039 883 1110; x_wconf 69' lang='lat' dir='ltr'>omnibus</span> 
     </span>
     <span class='ocr_line' id='line_1_9' title="bbox 400 1107 844 1193; baseline 0.034 -30"><span class='ocrx_word' id='word_1_28' title='bbox 400 1107 513 1183; x_wconf 87' lang='lat' dir='ltr'>Fugere</span> <span class='ocrx_word' id='word_1_29' title='bbox 532 1114 673 1172; x_wconf 89' lang='lat' dir='ltr'>mundum</span> <span class='ocrx_word' id='word_1_30' title='bbox 694 1135 844 1193; x_wconf 73' lang='lat' dir='ltr'>pauperes</span> 
     </span>
     <span class='ocr_line' id='line_1_10' title="bbox 399 1188 792 1272; baseline 0.033 -27"><span class='ocrx_word' id='word_1_31' title='bbox 399 1188 496 1247; x_wconf 90' lang='lat' dir='ltr'>Deum</span> <span class='ocrx_word' id='word_1_32' title='bbox 517 1195 605 1251; x_wconf 88' lang='lat' dir='ltr'>secuti</span> <span class='ocrx_word' id='word_1_33' title='bbox 626 1214 792 1272; x_wconf 79' lang='lat' dir='ltr'>pauperem.</span> 
     </span>
    </p>
   </div>
   <div class='ocr_carea' id='block_1_5' title="bbox 397 1336 868 1649">
    <p class='ocr_par' dir='ltr' id='par_1_5' title="bbox 397 1336 868 1649">
     <span class='ocr_line' id='line_1_11' title="bbox 398 1336 868 1420; baseline 0.023 -25"><span class='ocrx_word' id='word_1_34' title='bbox 398 1336 475 1396; x_wconf 87' lang='lat' dir='ltr'>Crux</span> <span class='ocrx_word' id='word_1_35' title='bbox 496 1349 561 1401; x_wconf 82' lang='lat' dir='ltr'>aute</span> <span class='ocrx_word' id='word_1_36' title='bbox 581 1339 699 1417; x_wconf 86' lang='lat' dir='ltr'>Judaeis</span> <span class='ocrx_word' id='word_1_37' title='bbox 720 1347 868 1420; x_wconf 84' lang='lat' dir='ltr'><strong>probrum,</strong></span> 
     </span>
     <span class='ocr_line' id='line_1_12' title="bbox 398 1419 818 1500; baseline 0.024 -25"><span class='ocrx_word' id='word_1_38' title='bbox 398 1419 565 1479; x_wconf 87' lang='lat' dir='ltr'>Ludibrium</span> <span class='ocrx_word' id='word_1_39' title='bbox 586 1442 655 1482; x_wconf 84' lang='lat' dir='ltr'>crux</span> <span class='ocrx_word' id='word_1_40' title='bbox 676 1428 818 1500; x_wconf 85' lang='lat' dir='ltr'>gentibus,</span> 
     </span>
     <span class='ocr_line' id='line_1_13' title="bbox 397 1500 817 1581; baseline 0.024 -24"><span class='ocrx_word' id='word_1_41' title='bbox 397 1500 503 1560; x_wconf 91' lang='lat' dir='ltr'>Terror</span> <span class='ocrx_word' id='word_1_42' title='bbox 523 1505 587 1575; x_wconf 91' lang='lat' dir='ltr'>reis,</span> <span class='ocrx_word' id='word_1_43' title='bbox 608 1507 705 1580; x_wconf 84' lang='lat' dir='ltr'>probis</span> <span class='ocrx_word' id='word_1_44' title='bbox 727 1527 817 1581; x_wconf 86' lang='lat' dir='ltr'>amor,</span> 
     </span>
     <span class='ocr_line' id='line_1_14' title="bbox 398 1581 799 1649; baseline 0.027 -11"><span class='ocrx_word' id='word_1_45' title='bbox 398 1581 519 1642; x_wconf 91' lang='lat' dir='ltr'>Summo</span> <span class='ocrx_word' id='word_1_46' title='bbox 540 1586 657 1645; x_wconf 89' lang='lat' dir='ltr'>micabit</span> <span class='ocrx_word' id='word_1_47' title='bbox 678 1589 799 1649; x_wconf 83' lang='lat' dir='ltr'>aethere.</span> 
     </span>
    </p>
   </div>
   <div class='ocr_carea' id='block_1_6' title="bbox 394 1729 891 2055">
    <p class='ocr_par' dir='ltr' id='par_1_6' title="bbox 394 1729 891 1973">
     <span class='ocr_line' id='line_1_15' title="bbox 395 1729 806 1809; baseline 0.024 -23"><span class='ocrx_word' id='word_1_48' title='bbox 395 1729 497 1788; x_wconf 87' lang='lat' dir='ltr'>Fixere</span> <span class='ocrx_word' id='word_1_49' title='bbox 518 1749 605 1807; x_wconf 90' lang='lat' dir='ltr'>quem</span> <span class='ocrx_word' id='word_1_50' title='bbox 626 1734 704 1794; x_wconf 91' lang='lat' dir='ltr'>dirae</span> <span class='ocrx_word' id='word_1_51' title='bbox 725 1739 806 1809; x_wconf 85' lang='lat' dir='ltr'>trabi,</span> 
     </span>
     <span class='ocr_line' id='line_1_16' title="bbox 394 1811 891 1896; baseline 0.022 -28"><span class='ocrx_word' id='word_1_52' title='bbox 394 1811 528 1883; x_wconf 88' lang='lat' dir='ltr'>Cement,</span> <span class='ocrx_word' id='word_1_53' title='bbox 549 1813 701 1889; x_wconf 87' lang='lat' dir='ltr'>pavebunt,</span> <span class='ocrx_word' id='word_1_54' title='bbox 723 1814 891 1896; x_wconf 86' lang='lat' dir='ltr'>ingement:</span> 
     </span>
     <span class='ocr_line' id='line_1_17' title="bbox 394 1892 777 1973; baseline 0.031 -25"><span class='ocrx_word' id='word_1_55' title='bbox 394 1892 483 1951; x_wconf 90' lang='lat' dir='ltr'>Vultu</span> <span class='ocrx_word' id='word_1_56' title='bbox 503 1896 600 1953; x_wconf 80' lang='lat' dir='ltr'>beabit</span> <span class='ocrx_word' id='word_1_57' title='bbox 621 1915 680 1973; x_wconf 91' lang='lat' dir='ltr'>quo</span> <span class='ocrx_word' id='word_1_58' title='bbox 701 1915 777 1972; x_wconf 90' lang='lat' dir='ltr'>suos,</span> 
     </span>
    </p>

    <p class='ocr_par' dir='ltr' id='par_1_7' title="bbox 394 1973 753 2055">
     <span class='ocr_line' id='line_1_18' title="bbox 394 1973 753 2055; baseline 0.025 -24"><span class='ocrx_word' id='word_1_59' title='bbox 394 1973 462 2033; x_wconf 94' lang='lat' dir='ltr'>Hoc</span> <span class='ocrx_word' id='word_1_60' title='bbox 483 1977 618 2035; x_wconf 88' lang='lat' dir='ltr'>territabit</span> <span class='ocrx_word' id='word_1_61' title='bbox 639 1979 753 2055; x_wconf 89' lang='lat' dir='ltr'>impios.</span> 
     </span>
    </p>
   </div>
   <div class='ocr_carea' id='block_1_7' title="bbox 390 2119 903 2435">
    <p class='ocr_par' dir='ltr' id='par_1_8' title="bbox 392 2119 894 2369">
     <span class='ocr_line' id='line_1_19' title="bbox 392 2119 894 2198; baseline 0.026 -17"><span class='ocrx_word' id='word_1_62' title='bbox 392 2125 458 2196; x_wconf 90' lang='lat' dir='ltr'>Fac,</span> <span class='ocrx_word' id='word_1_63' title='bbox 481 2126 602 2198; x_wconf 85' lang='lat' dir='ltr'>Christe,</span> <span class='ocrx_word' id='word_1_64' title='bbox 623 2147 660 2187; x_wconf 90' lang='lat' dir='ltr'>ne</span> <span class='ocrx_word' id='word_1_65' title='bbox 681 2149 777 2191; x_wconf 90' lang='lat' dir='ltr'>mores</span> <span class='ocrx_word' id='word_1_66' title='bbox 799 2119 894 2195; x_wconf 79' lang='lat' dir='ltr'>bonos</span> 
     </span>
     <span class='ocr_line' id='line_1_20' title="bbox 392 2206 840 2289; baseline 0.025 -26"><span class='ocrx_word' id='word_1_67' title='bbox 392 2206 524 2283; x_wconf 88' lang='lat' dir='ltr'>Contage</span> <span class='ocrx_word' id='word_1_68' title='bbox 545 2210 670 2268; x_wconf 91' lang='lat' dir='ltr'>mundus</span> <span class='ocrx_word' id='word_1_69' title='bbox 691 2213 840 2289; x_wconf 88' lang='lat' dir='ltr'>inquinet:</span> 
     </span>
     <span class='ocr_line' id='line_1_21' title="bbox 393 2287 809 2369; baseline 0.022 -24"><span class='ocrx_word' id='word_1_70' title='bbox 393 2287 515 2347; x_wconf 90' lang='lat' dir='ltr'>Seceme</span> <span class='ocrx_word' id='word_1_71' title='bbox 536 2309 590 2349; x_wconf 93' lang='lat' dir='ltr'>nos</span> <span class='ocrx_word' id='word_1_72' title='bbox 612 2293 649 2349; x_wconf 96' lang='lat' dir='ltr'>ab</span> <span class='ocrx_word' id='word_1_73' title='bbox 671 2293 809 2369; x_wconf 86' lang='lat' dir='ltr'>improbis</span> 
     </span>
    </p>

    <p class='ocr_par' dir='ltr' id='par_1_9' title="bbox 390 2368 903 2435">
     <span class='ocr_line' id='line_1_22' title="bbox 390 2368 903 2435; baseline 0.019 -8"><span class='ocrx_word' id='word_1_74' title='bbox 390 2368 437 2428; x_wconf 83' lang='lat' dir='ltr'>Ne</span> <span class='ocrx_word' id='word_1_75' title='bbox 457 2371 629 2431; x_wconf 81' lang='lat' dir='ltr'>misceamur</span> <span class='ocrx_word' id='word_1_76' title='bbox 650 2377 788 2435; x_wconf 87' lang='lat' dir='ltr'>sontrbus.</span> <span class='ocrx_word' id='word_1_77' title='bbox 900 2375 903 2384; x_wconf 65' lang='lat'>‘</span> 
     </span>
    </p>
   </div>
   <div class='ocr_carea' id='block_1_8' title="bbox 387 2517 863 2840">
    <p class='ocr_par' dir='ltr' id='par_1_10' title="bbox 390 2517 752 2597">
     <span class='ocr_line' id='line_1_23' title="bbox 390 2517 752 2597; baseline 0.025 -24"><span class='ocrx_word' id='word_1_78' title='bbox 390 2517 517 2577; x_wconf 88' lang='lat' dir='ltr'>Venture</span> <span class='ocrx_word' id='word_1_79' title='bbox 538 2519 634 2597; x_wconf 89' lang='lat' dir='ltr'>Judex</span> <span class='ocrx_word' id='word_1_80' title='bbox 656 2524 752 2594; x_wconf 84' lang='lat' dir='ltr'>seculi,</span> 
     </span>
    </p>

    <p class='ocr_par' dir='ltr' id='par_1_11' title="bbox 387 2599 705 2679">
     <span class='ocr_line' id='line_1_24' title="bbox 387 2599 705 2679; baseline 0.022 -23"><span class='ocrx_word' id='word_1_81' title='bbox 387 2599 466 2675; x_wconf 85' lang='lat' dir='ltr'>Jesu,</span> <span class='ocrx_word' id='word_1_82' title='bbox 486 2602 536 2658; x_wconf 91' lang='lat' dir='ltr'>tibi</span> <span class='ocrx_word' id='word_1_83' title='bbox 558 2603 594 2660; x_wconf 91' lang='lat' dir='ltr'>sit</span> <span class='ocrx_word' id='word_1_84' title='bbox 613 2604 705 2679; x_wconf 91' lang='lat' dir='ltr'>gloria</span> 
     </span>
    </p>

    <p class='ocr_par' dir='ltr' id='par_1_12' title="bbox 389 2680 863 2840">
     <span class='ocr_line' id='line_1_25' title="bbox 390 2680 863 2763; baseline 0.015 -24"><span class='ocrx_word' id='word_1_85' title='bbox 390 2680 465 2740; x_wconf 91' lang='lat' dir='ltr'>Cum</span> <span class='ocrx_word' id='word_1_86' title='bbox 486 2682 578 2755; x_wconf 90' lang='lat' dir='ltr'>Patre,</span> <span class='ocrx_word' id='word_1_87' title='bbox 600 2703 724 2761; x_wconf 92' lang='lat' dir='ltr'>eumque</span> <span class='ocrx_word' id='word_1_88' title='bbox 748 2685 863 2763; x_wconf 86' lang='lat' dir='ltr'>Spiritu,</span> 
     </span>
     <span class='ocr_line' id='line_1_26' title="bbox 389 2762 742 2840; baseline 0.02 -21"><span class='ocrx_word' id='word_1_89' title='bbox 389 2762 424 2819; x_wconf 93' lang='lat' dir='ltr'>In</span> <span class='ocrx_word' id='word_1_90' title='bbox 445 2766 618 2840; x_wconf 89' lang='lat' dir='ltr'>sempiterna</span> <span class='ocrx_word' id='word_1_91' title='bbox 639 2769 742 2826; x_wconf 85' lang='lat' dir='ltr'>secula.</span> 
     </span>
    </p>
   </div>
   <div class='ocr_carea' id='block_1_9' title="bbox 441 2942 929 3001">
    <p class='ocr_par' dir='ltr' id='par_1_13' title="bbox 441 2942 929 3001">
     <span class='ocr_line' id='line_1_27' title="bbox 441 2942 929 3001; baseline 0.016 -17"><span class='ocrx_word' id='word_1_92' title='bbox 441 2942 486 2985; x_wconf 84' lang='lat' dir='ltr'>AD</span> <span class='ocrx_word' id='word_1_93' title='bbox 508 2944 635 2989; x_wconf 83' lang='lat' dir='ltr'>LAUDES</span> <span class='ocrx_word' id='word_1_94' title='bbox 656 2945 699 2989; x_wconf 86' lang='lat' dir='ltr'>ET</span> <span class='ocrx_word' id='word_1_95' title='bbox 722 2946 884 2994; x_wconf 83' lang='lat' dir='ltr'><strong>VESPERAS.</strong></span> <span class='ocrx_word' id='word_1_96' title='bbox 926 2992 929 3001; x_wconf 28' lang='lat' dir='ltr'><strong>f</strong></span> 
     </span>
    </p>
   </div>
   <div class='ocr_carea' id='block_1_10' title="bbox 384 3053 888 3363">
    <p class='ocr_par' dir='ltr' id='par_1_14' title="bbox 384 3053 888 3363">
     <span class='ocr_line' id='line_1_28' title="bbox 385 3053 774 3133; baseline 0.015 -23"><span class='ocrx_word' id='word_1_97' title='bbox 385 3053 487 3126; x_wconf 89' lang='lat' dir='ltr'>Nobis,</span> <span class='ocrx_word' id='word_1_98' title='bbox 508 3057 629 3133; x_wconf 79' lang='lat' dir='ltr'>olympo</span> <span class='ocrx_word' id='word_1_99' title='bbox 647 3058 774 3116; x_wconf 88' lang='lat' dir='ltr'>redditus</span> 
     </span>
     <span class='ocr_line' id='line_1_29' title="bbox 386 3135 888 3217; baseline 0.018 -24"><span class='ocrx_word' id='word_1_100' title='bbox 386 3135 452 3207; x_wconf 88' lang='lat' dir='ltr'>Qui,</span> <span class='ocrx_word' id='word_1_101' title='bbox 476 3137 597 3210; x_wconf 88' lang='lat' dir='ltr'>Christe,</span> <span class='ocrx_word' id='word_1_102' title='bbox 619 3140 703 3198; x_wconf 91' lang='lat' dir='ltr'>sedes</span> <span class='ocrx_word' id='word_1_103' title='bbox 724 3159 888 3217; x_wconf 67' lang='lat' dir='ltr'>praeparas</span> 
     </span>
     <span class='ocr_line' id='line_1_30' title="bbox 384 3216 758 3296; baseline 0.013 -21"><span class='ocrx_word' id='word_1_104' title='bbox 384 3216 448 3277; x_wconf 93' lang='lat' dir='ltr'>Nos</span> <span class='ocrx_word' id='word_1_105' title='bbox 469 3220 566 3278; x_wconf 86' lang='lat' dir='ltr'>exules</span> <span class='ocrx_word' id='word_1_106' title='bbox 588 3221 617 3278; x_wconf 87' lang='lat' dir='ltr'>in</span> <span class='ocrx_word' id='word_1_107' title='bbox 637 3222 758 3296; x_wconf 86' lang='lat' dir='ltr'>patriam</span> 
     </span>
     <span class='ocr_line' id='line_1_31' title="bbox 384 3298 775 3363; baseline 0.023 -9"><span class='ocrx_word' id='word_1_108' title='bbox 384 3298 496 3360; x_wconf 84' lang='lat' dir='ltr'>Trahas</span> <span class='ocrx_word' id='word_1_109' title='bbox 517 3304 624 3362; x_wconf 83' lang='lat' dir='ltr'>amoris</span> <span class='ocrx_word' id='word_1_110' title='bbox 645 3304 775 3363; x_wconf 76' lang='lat' dir='ltr'>nexibus.</span> 
     </span>
    </p>
   </div>
   <div class='ocr_carea' id='block_1_11' title="bbox 0 0 1244 3928">
    <p class='ocr_par' dir='ltr' id='par_1_15' title="bbox 0 0 1244 3928">
     <span class='ocr_line' id='line_1_32' title="bbox 0 0 1244 3928; baseline 0 9"><span class='ocrx_word' id='word_1_111' title='bbox 0 0 1244 3928; x_wconf 95' lang='lat' dir='ltr'> </span> 
     </span>
    </p>
   </div>
  </div>
 </body>
</html>
