2478 3928
408 412 447 471 In
467 412 548 471 Festo
571 411 726 471 Trinitatis.
907 439 909 444 ¹
934 434 971 488 99

210 579 336 636 Persona
356 577 474 652 triplex:
495 595 553 634 una
571 575 665 652 jungit
686 575 797 646 Unitas‚

211 661 245 717 ln
267 660 349 718 Patre
371 677 484 734 semper
506 659 615 729 Natus;
637 659 667 715 in
688 657 766 716 Nato
787 657 886 727 Pater3

210 743 338 818 Uterque
360 758 442 799 sacro
462 758 577 816 semper
597 750 640 797 est
660 740 689 796 iu
711 739 835 815 Spiritu;

210 823 245 880 In
267 824 349 881 Patre
369 840 491 898 semper,
512 822 600 896 inque
621 819 699 878 Nato
721 821 850 896 Spiritus

212 987 270 1046 Sed
290 985 383 1044 nullus
404 985 508 1042 horum
529 984 685 1060 quemlibet
706 981 799 1053 vincit,
820 983 911 1058 gradu

210 1069 265 1127 Vel
285 1069 378 1144 major
399 1075 484 1137 extat,
505 1067 547 1124 vel
569 1067 647 1142 prior
667 1065 811 1139 potentia:

210 1151 339 1226 Aequale
359 1166 490 1224 regnum,
510 1165 619 1225 parque
639 1139 775 1224 majestas
796 1146 888 1215 trium,

211 1233 302 1307 Origo
323 1231 391 1288 nulli
412 1230 527 1306 dignius
549 1228 659 1288 confert
679 1229 797 1287 bonum.

213 1395 321 1452 Rerum
343 1403 459 1458 creator,
481 1391 543 1450 laus
564 1390 623 1463 tibi,
644 1387 741 1450 vivens
762 1391 861 1448 Pater:

213 1476 291 1534 Laus
312 1493 412 1550 aequa,
434 1475 576 1532 mundum
598 1473 647 1549 qui
667 1473 795 1542 redemit,
817 1471 904 1529 Filio:

214 1558 282 1629 Quo
303 1575 357 1615 nos
379 1557 509 1632 supernis
530 1556 645 1632 ignibus
667 1554 874 1622 succendimur,

214 1639 342 1714 Compar
362 1639 391 1695 in
413 1655 516 1696 aevum
537 1637 659 1695 Flamini
679 1638 715 1696 sit
736 1637 834 1712 gloria.

474 1995 519 2038 AD
541 1993 677 2039 LAUDES.

336 2201 365 2260 Ο
386 2195 449 2257 luce
471 2216 545 2274 quae
565 2207 614 2255 tua
635 2196 714 2267 lates

337 2281 427 2340 Beata
446 2297 562 2355 semper
583 2278 717 2349 Trinitas

337 2363 382 2421 Te
404 2361 582 2425 confitemur,
605 2360 756 2425 credimus,

338 2443 448 2520 Pioque
469 2444 556 2501 corde
577 2442 749 2517 quaerimus.

337 2608 366 2666 O
388 2617 486 2665 sancte
508 2613 672 2664 sanctorum
694 2596 793 2662 Paterl

337 2689 366 2748 Ο
388 2687 464 2748 Nate
485 2689 522 2747 de
543 2685 609 2745 Deo
630 2681 728 2745 Deusl

338 2770 367 2828 O
389 2770 512 2828 caritatis
532 2768 686 2832 vinculum,

337 2850 469 2928 Jungens
490 2860 650 2926 utrumque,
674 2849 810 2924 Spiritus!

338 3011 379 3072 Ut
399 3033 431 3072 se
451 3014 527 3072 videt
547 3021 640 3071 totum
662 3012 753 3083 Pater,

339 3095 456 3154 Coaeva
476 3095 575 3154 Proles
595 3095 738 3165 nascitur3

340 3178 489 3253 Amorque
511 3194 570 3253 quo
591 3195 622 3235 se
643 3175 773 3251 diligunt,

341 3257 378 3316 Et
399 3259 461 3334 ipse
482 3258 611 3334 procedit
631 3257 721 3316 Deus.

787 3355 810 3395 n
828 3354 842 3394 2
