2514 3934
502 476 659 538 Doctorum.

445 913 712 980 DOCTORUM.

392 1229 438 1270 no
460 1221 575 1271 unimus
599 1223 760 1274 vasconis·

215 1439 243 1498 O
265 1441 314 1516 qui
335 1448 490 1514 perpetuus
512 1457 565 1498 nos
586 1441 711 1497 monitor
733 1437 829 1510 doces,

216 1518 282 1579 Vox
305 1531 420 1578 aeterna
441 1519 540 1591 Patris,
562 1520 684 1591 Christe,
705 1519 825 1579 vicarios

216 1603 368 1672 Doctores,
390 1602 497 1677 patrias
518 1621 585 1660 cum
606 1617 717 1660 remeas
739 1603 851 1672 domos

299 1683 393 1742 Nobis
414 1698 501 1759 quam
523 1684 597 1742 bene
620 1684 774 1760 suppetisl

215 1843 256 1904 Hi
279 1865 392 1922 semper
413 1842 536 1923 vigilant,
558 1864 595 1904 ne
617 1847 687 1922 quid
708 1843 868 1904 adulterum

214 1927 386 2004 Corrumpat
407 1929 474 1987 fidei
495 1929 653 2004 virgineum
674 1929 778 1986 decus:

215 2009 305 2068 Laedi
326 2011 370 2068 vel
391 2010 487 2068 leviter
508 2029 566 2068 non
587 2011 693 2086 patitur
712 2010 792 2080 fides,

298 2089 354 2149 His
375 2089 542 2150 custodibus
563 2093 681 2167 integra.

215 2253 341 2313 Infames
363 2255 478 2313 abolent
499 2254 641 2331 relliquias
661 2249 774 2312 Deum:

209 2333 334 2394 'Errores
355 2336 482 2411 abigunt,
504 2338 624 2394 crimina
644 2336 801 2405 dedocent;

216 2416 331 2476 Christo
352 2419 508 2488 restituunt,
531 2436 604 2493 quos
625 2418 700 2475 male
721 2417 852 2475 credulos

156 2493 160 2502 “
298 2499 425 2557 Mendax
447 2500 550 2557 luserat
572 2499 704 2558 haeresis.

216 2661 333 2720 Patrum
355 2661 498 2732 canitiem,
520 2673 562 2719 tot
583 2658 759 2720 venerabiles

216 2743 317 2818 Rugas
339 2744 485 2820 objiciunt,
507 2740 584 2801 unde
606 2744 676 2801 nitet
697 2743 785 2801 fides:

215 2825 298 2896 Quae
314 2836 380 2883 sunt
394 2825 496 2900 prisca,
507 2825 628 2894 docent3
649 2842 722 2899 quae
737 2839 819 2893 nova,
832 2819 978 2882 subruunt.

297 2906 415 2964 Servant
435 2907 599 2983 depositum
620 2903 684 2963 Dei.

217 3069 258 3126 Sit
281 3087 416 3144 suprema
437 3068 486 3126 tibi
508 3070 607 3145 gloria,
629 3068 751 3138 Veritas,

216 3151 300 3222 Quae
320 3167 371 3226 per
393 3151 497 3226 scripta
517 3151 641 3222 Patrum,
660 3151 777 3227 quando
796 3149 864 3207 soris
885 3165 981 3215 sonas,

216 3232 331 3289 Mentes
353 3233 469 3291 interius
490 3243 570 3291 muta
591 3233 688 3302 doceS,
710 3230 794 3290 simul

298 3313 335 3370 Et
356 3324 384 3371 te
406 3314 541 3372 cordibus
562 3316 671 3372 inseris.
