2478 3928
368 399 406 460 In
427 400 529 460 Decoll.
552 399 584 462 S.
599 401 730 479 loannis.
893 421 946 479 147

339 738 385 782 AD
406 737 568 782 SECUNDAS
592 737 753 784 vnsPnRAs

227 947 371 1007 Omnibus
391 956 489 1005 manat
510 964 594 1010 cruor
614 965 683 1006 ecce
703 950 798 1008 venis:

227 1028 305 1087 Hinc
327 1029 403 1088 sitim
424 1027 543 1104 longam
563 1029 643 1102 satia,
664 1039 783 1105 tyranne
794 1051 802 1103 3

227 1110 265 1169 Et
285 1111 366 1170 eibos
387 1111 460 1167 inter
480 1119 651 1187 paterasque
672 1130 746 1187 puro

309 1191 454 1268 Sanguine
476 1191 541 1250 liba.

228 1355 268 1413 Ut
288 1364 375 1430 eaput
395 1354 473 1424 vidit,
495 1352 617 1430 dapibus
638 1356 754 1429 paratis,

228 1436 324 1495 Triste
345 1436 467 1494 fumanti
487 1436 607 1493 natitare
628 1437 705 1506 tabo,
804 1437 807 1458 '

228 1517 339 1588 Haesit,
361 1517 491 1594 impastis
512 1516 684 1594 fremuitque
705 1519 814 1576 mensis
850 1592 852 1598 y

307 1599 428 1658 Funeris
449 1608 557 1657 auctor.

227 1762 296 1820 Non
316 1772 414 1819 tamen
435 1760 535 1820 frontis
555 1761 679 1837 gravitas
700 1779 819 1820 serenae

228 1842 321 1901 Cessit
342 1843 445 1900 immiti
465 1841 568 1900 violata
589 1842 680 1900 ferro:

227 1924 307 1983 Dura
327 1924 450 1982 mitescit
464 1923 585 1999 'placido
607 1925 662 1983 sub
682 1943 732 1984 ore

308 2005 412 2064 Mortis
433 2005 539 2081 imago.

228 2168 274 2227 Sic
295 2186 349 2227 suo
369 2184 483 2226 rursum
503 2167 585 2227 Deus
605 2167 682 2226 hunc
702 2169 813 2244 praeire

227 2249 369 2309 Nuntium
390 2249 505 2308 Christo
523 2250 612 2326 jubet,
634 2249 788 2327 inferisque

227 2331 313 2389 Ferre
333 2349 507 2406 praeconem
528 2348 603 2389 nova
625 2332 763 2390 liberandi

309 2411 425 2471 Gaudia
444 2413 553 2470 mundi.

228 2547 294 2646 Qui
307 2575 373 2634 neo
393 2574 496 2651 plenus
516 2574 615 2649 rigidis
637 2573 763 2632 fumum

228 2655 359 2714 Moribus
380 2655 526 2714 Christum
548 2655 626 2713 rudis
647 2656 833 2731 exprimebat,

228 2737 334 2798 Debuit
355 2737 426 2796 dura
447 2755 563 2814 quoque
584 2746 676 2795 morte
697 2746 788 2794 totum

309 2818 444 2878 Reddere
465 2818 620 2877 Christum.

230 2980 350 3040 Summa
370 2981 432 3040 laus
453 2980 538 3052 Patri,
560 2981 717 3059 genitoque
737 2979 854 3051 Verbo;

229 3061 267 3120 Et
286 3063 338 3120 tibi
358 3081 485 3138 compar,
507 3064 653 3140 utriusque
674 3080 766 3120 nexus

231 3142 352 3220 Spiritus
373 3162 495 3220 semper,
517 3143 599 3224 Deus
619 3162 694 3203 unus
716 3143 796 3201 omni

311 3225 466 3302 Temporis
487 3243 567 3286 aevo.

715 3320 733 3361 r.
750 3323 765 3361 2
