2478 3928
345 522 349 540 ι
372 433 404 494 S.
425 379 541 492 Mirm
560 431 749 508 Magdalenes.
904 445 959 504 135

325 598 438 658 Mundo
458 595 622 672 redemptor
642 595 692 671 qui
712 593 800 664 venis,

324 680 385 750 Fili,
406 679 457 737 tibi
477 679 538 735 laus
558 676 686 734 maxima

325 760 401 819 Cum
422 759 523 817 Patre:
552 775 605 816 nec
626 757 676 814 tibi
696 756 791 815 minor
831 762 833 766 '

326 841 411 912 Laus,
432 840 578 915 utriusque
600 838 728 916 Spiritus.

479 1251 571 1334 Jrrtrr
596 1273 645 1317 22.

296 1433 325 1490 s,
355 1431 517 1507 niteris
544 1418 832 1508 MAGDALENES.

383 1652 429 1695 Ar>
450 1651 566 1710 narrans
589 1651 750 1696 vrsrsass.

290 1789 392 1850 Procul
413 1788 531 1864 maligni
551 1788 644 1848 cedite
664 1789 794 1863 spiritus;

290 1869 376 1930 Nunc
397 1870 547 1945 imperanti
568 1869 660 1928 cedite
682 1869 808 1940 Nummi,

289 1951 468 2027 Fessamque
488 1951 566 2010 duris
588 1950 792 2026 Magdalenam

290 2032 401 2092 Parcite
421 2051 498 2096 nune
519 2033 626 2110 agitare
646 2033 756 2108 poenis.

290 2195 395 2254 Christi
413 2195 538 2272 jubentis
558 2195 675 2256 numine
696 2193 782 2252 territi
801 2249 808 2256 ,

292 2275 402 2351 Fugere
423 2286 550 2352 septem:
579 2293 648 2337 mox
669 2275 723 2334 sibi
743 2275 859 2344 reddita,

291 2357 345 2427 Te,
367 2357 488 2428 Christe,
510 2366 689 2416 consectatur
708 2374 806 2426 unum,

291 2437 329 2496 Et
349 2439 470 2498 memori
491 2439 541 2497 tibi
561 2447 658 2500 mente
678 2437 770 2500 servit.

293 2599 374 2671 Quin
394 2610 422 2659 et
442 2609 559 2668 omenta
578 2599 615 2658 de
636 2599 715 2660 trabe
735 2600 861 2676 pendulo

293 2680 409 2741 Christo
428 2682 527 2754 litabat
547 2681 624 2740 mille
645 2681 808 2740 doloribus:

294 2762 393 2834 Quam
414 2763 496 2822 vellet
516 2762 636 2822 insontis
657 2761 787 2837 Magistri

295 2843 364 2902 Sola
383 2862 484 2920 graves
504 2843 624 2904 tolerare
644 2861 762 2919 poenas.

296 3004 420 3065 Miscere
439 3005 523 3064 fletus
544 3005 690 3082 sanguinis
711 3005 839 3067 aemulos

299 3086 368 3144 Non
389 3097 489 3158 oessat,
511 3088 628 3148 adstans
648 3087 762 3145 victima
782 3087 919 3158 victimae,

298 3167 436 3239 Christus,
458 3169 578 3240 silend0,
600 3169 640 3227 nil
660 3168 804 3243 rependit:

299 3248 398 3320 Quam
418 3250 520 3312 melius
540 3251 644 3326 probat
664 3249 731 3308 hine
752 3251 911 3308 amantem!
