2430 3918
267 449 303 501 42
456 431 494 488 In
514 430 595 489 Festo
615 429 671 491 SS.
686 430 879 491 Innocentiam.

305 593 435 652 Christus
456 595 534 653 vocis
555 613 652 670 egens,
674 605 702 653 te
723 597 918 664 morientibus,

307 674 376 746 Qua
395 675 439 734 fas
459 686 511 747 est,
532 677 624 735 oculis
644 676 816 753 discipulum
837 678 930 745 docet,

306 755 350 813 Ex
373 758 419 814 illa
439 757 574 816 cathedra
594 776 682 833 quam
703 775 786 816 cruor
807 759 916 828 imbuit,

388 838 485 897 Terris
506 839 651 915 praedicat
671 839 814 898 omnibus.

307 1000 411 1058 Christi
432 1000 489 1059 fide
510 1019 617 1072 comes,
638 1001 771 1078 passibus
791 1002 918 1072 aemulis,

307 1081 375 1153 Quo
397 1092 424 1140 te
446 1082 526 1140 duxit
546 1101 635 1152 amor,
656 1092 685 1140 te
706 1083 788 1141 liceat
809 1085 908 1158 sequi:

307 1163 414 1239 Ingens
435 1163 480 1222 ille
500 1164 571 1221 mihi
593 1165 628 1222 sit
648 1164 736 1235 favor,
758 1173 787 1222 et
807 1167 866 1241 pati

386 1244 463 1304 Cum
484 1245 607 1317 Christo,
629 1245 713 1304 simul
734 1255 762 1304 et
783 1248 864 1304 mori.

308 1405 349 1464 Sit
371 1405 433 1465 laus
454 1425 568 1466 summa
588 1407 672 1479 Patri,
695 1425 865 1484 summaque
887 1406 977 1478 Filio;

307 1487 349 1545 Sit
370 1507 429 1564 pas,
451 1499 557 1559 sancte,
578 1490 628 1547 tibi
649 1490 748 1565 gloria,
771 1489 907 1565 Spiritus:

307 1569 390 1628 Haec
411 1581 454 1628 est
475 1581 551 1629 certa
572 1570 651 1642 fides,
673 1570 801 1629 fontibus
821 1589 838 1629 e
859 1571 914 1628 tuis

387 1651 485 1723 Quam
506 1652 637 1711 divinitus
657 1652 812 1711 hausimus.

366 1944 410 2024 IN
433 1943 564 2004 FESTO
587 1943 638 2004 SS.
660 1943 968 2005 INNOCENTIUM.

279 2092 324 2134 sn
345 2090 499 2136 oss1ciuu
520 2089 616 2133 Nocr.
639 2090 682 2133 ΕΤ
704 2089 867 2133 sucuunss
891 2089 1054 2133 visimus.

432 2211 551 2282 Saivete‚
573 2211 658 2270 flores
680 2211 848 2286 Martyrum,

429 2293 465 2352 In
486 2293 557 2351 lucis
577 2294 641 2369 ipso
662 2292 759 2350 limine

430 2375 515 2448 Quos
536 2392 637 2433 saevus
658 2375 734 2433 ensis
754 2373 880 2443 messuit,

430 2456 493 2516 Ceu
513 2457 596 2515 turbo
616 2466 767 2514 nascentes
787 2473 876 2513 rosas.

429 2618 493 2677 Vos
513 2620 606 2695 prima
627 2616 732 2677 Christi
752 2618 874 2688 victima,

430 2700 509 2759 Grex
530 2700 742 2758 immolatorum
762 2708 850 2768 tener,

429 2783 519 2839 Aram
539 2782 594 2840 sub
614 2782 707 2858 ipsam
728 2778 871 2856 simplices

431 2862 530 2921 Palma
552 2873 580 2921 et
601 2862 713 2922 coronis
734 2861 838 2920 luditis.

431 3025 512 3096 Quid
532 3026 643 3103 proficit
663 3035 774 3084 tantum
795 3022 896 3083 nefas?

432 3105 511 3178 Quid
532 3108 640 3166 crimen
662 3108 812 3166 Herodem
832 3107 930 3183 juvat?

432 3187 516 3248 Unus
536 3199 579 3247 tot
599 3189 671 3246 inter
691 3188 791 3247 funera

432 3269 555 3347 Impune
576 3270 707 3330 Christus
727 3270 839 3329 tollitur.
