<?xml version="1.0" encoding="UTF-8"?>
<!DOCTYPE html PUBLIC "-//W3C//DTD XHTML 1.0 Transitional//EN"
    "http://www.w3.org/TR/xhtml1/DTD/xhtml1-transitional.dtd">
<html xmlns="http://www.w3.org/1999/xhtml" xml:lang="en" lang="en">
 <head>
  <title>
</title>
<meta http-equiv="Content-Type" content="text/html;charset=utf-8" />
  <meta name='ocr-system' content='tesseract 3.04.00' />
  <meta name='ocr-capabilities' content='ocr_page ocr_carea ocr_par ocr_line ocrx_word'/>
</head>
<body>
  <div class='ocr_page' id='page_1' title='image "./hymniecclesiae01churgoog_0414.png"; bbox 0 0 2408 3904; ppageno 0'>
   <div class='ocr_carea' id='block_1_1' title="bbox 310 355 926 491">
    <p class='ocr_par' dir='ltr' id='par_1_1' title="bbox 310 355 926 491">
     <span class='ocr_line' id='line_1_1' title="bbox 310 355 926 491; baseline 0.005 -29"><span class='ocrx_word' id='word_1_1' title='bbox 310 404 351 463; x_wconf 88' lang='lat' dir='ltr'>In</span> <span class='ocrx_word' id='word_1_2' title='bbox 365 404 445 491; x_wconf 72' lang='lat' dir='ltr'>Eesto</span> <span class='ocrx_word' id='word_1_3' title='bbox 461 405 594 481; x_wconf 81' lang='lat' dir='ltr'><em>Corporis</em></span> <span class='ocrx_word' id='word_1_4' title='bbox 609 405 725 465; x_wconf 77' lang='lat' dir='ltr'>Christi.</span> <span class='ocrx_word' id='word_1_5' title='bbox 863 355 926 483; x_wconf 27' lang='lat'>391*</span> 
     </span>
    </p>
   </div>
   <div class='ocr_carea' id='block_1_2' title="bbox 211 932 838 1008">
    <p class='ocr_par' dir='ltr' id='par_1_2' title="bbox 211 932 838 1008">
     <span class='ocr_line' id='line_1_2' title="bbox 211 932 838 1008; baseline 0.002 -16"><span class='ocrx_word' id='word_1_6' title='bbox 211 934 256 992; x_wconf 94' lang='lat' dir='ltr'>IN</span> <span class='ocrx_word' id='word_1_7' title='bbox 278 933 409 1008; x_wconf 83' lang='lat' dir='ltr'>FESTO</span> <span class='ocrx_word' id='word_1_8' title='bbox 430 932 636 993; x_wconf 91' lang='lat' dir='ltr'>CORPORIS</span> <span class='ocrx_word' id='word_1_9' title='bbox 658 933 838 993; x_wconf 88' lang='lat' dir='ltr'>CHRISTI.</span> 
     </span>
    </p>
   </div>
   <div class='ocr_carea' id='block_1_3' title="bbox 123 1144 764 1214">
    <p class='ocr_par' dir='ltr' id='par_1_3' title="bbox 123 1144 764 1214">
     <span class='ocr_line' id='line_1_3' title="bbox 123 1144 764 1214; baseline 0 -12"><span class='ocrx_word' id='word_1_10' title='bbox 123 1146 206 1203; x_wconf 85' lang='lat' dir='ltr'>Salve</span> <span class='ocrx_word' id='word_1_11' title='bbox 228 1144 301 1203; x_wconf 80' lang='lat' dir='ltr'>festa</span> <span class='ocrx_word' id='word_1_12' title='bbox 322 1145 392 1214; x_wconf 87' lang='lat' dir='ltr'>dies,</span> <span class='ocrx_word' id='word_1_13' title='bbox 413 1153 474 1202; x_wconf 94' lang='lat' dir='ltr'>toto</span> <span class='ocrx_word' id='word_1_14' title='bbox 496 1144 663 1202; x_wconf 84' lang='lat' dir='ltr'>venerabilis</span> <span class='ocrx_word' id='word_1_15' title='bbox 684 1161 764 1214; x_wconf 79' lang='lat' dir='ltr'>aevn,</span> 
     </span>
    </p>
   </div>
   <div class='ocr_carea' id='block_1_4' title="bbox 118 1225 854 1378">
    <p class='ocr_par' dir='ltr' id='par_1_4' title="bbox 118 1225 854 1378">
     <span class='ocr_line' id='line_1_4' title="bbox 118 1225 854 1298; baseline -0.003 -13"><span class='ocrx_word' id='word_1_16' title='bbox 118 1253 121 1261; x_wconf 67' lang='lat'><strong><em>¹</em></strong></span> <span class='ocrx_word' id='word_1_17' title='bbox 164 1225 232 1298; x_wconf 87' lang='lat' dir='ltr'>Qua</span> <span class='ocrx_word' id='word_1_18' title='bbox 253 1226 333 1285; x_wconf 86' lang='lat' dir='ltr'>Deus</span> <span class='ocrx_word' id='word_1_19' title='bbox 354 1225 514 1284; x_wconf 86' lang='lat' dir='ltr'><strong>Ecclesiam</strong></span> <span class='ocrx_word' id='word_1_20' title='bbox 536 1225 612 1283; x_wconf 84' lang='lat' dir='ltr'>dicat</span> <span class='ocrx_word' id='word_1_21' title='bbox 632 1225 742 1283; x_wconf 86' lang='lat' dir='ltr'>honore</span> <span class='ocrx_word' id='word_1_22' title='bbox 764 1243 854 1283; x_wconf 77' lang='lat' dir='ltr'>suam,</span> 
     </span>
     <span class='ocr_line' id='line_1_5' title="bbox 123 1309 287 1378; baseline 0 -12"><span class='ocrx_word' id='word_1_23' title='bbox 123 1309 215 1378; x_wconf 87' lang='lat' dir='ltr'>Salve,</span> <span class='ocrx_word' id='word_1_24' title='bbox 237 1309 287 1366; x_wconf 73' lang='lat' dir='ltr'>dic.</span> 
     </span>
    </p>
   </div>
   <div class='ocr_carea' id='block_1_5' title="bbox 123 1470 830 1546">
    <p class='ocr_par' dir='ltr' id='par_1_5' title="bbox 123 1470 830 1546">
     <span class='ocr_line' id='line_1_6' title="bbox 123 1470 830 1546; baseline -0.006 -18"><span class='ocrx_word' id='word_1_25' title='bbox 123 1473 201 1530; x_wconf 88' lang='lat' dir='ltr'>Ecce</span> <span class='ocrx_word' id='word_1_26' title='bbox 223 1471 283 1529; x_wconf 90' lang='lat' dir='ltr'>dies</span> <span class='ocrx_word' id='word_1_27' title='bbox 304 1470 385 1540; x_wconf 84' lang='lat' dir='ltr'>laeta,</span> <span class='ocrx_word' id='word_1_28' title='bbox 407 1480 472 1546; x_wconf 89' lang='lat' dir='ltr'>post</span> <span class='ocrx_word' id='word_1_29' title='bbox 494 1470 582 1527; x_wconf 88' lang='lat' dir='ltr'>tristia</span> <span class='ocrx_word' id='word_1_30' title='bbox 603 1478 707 1526; x_wconf 82' lang='lat' dir='ltr'>tartara</span> <span class='ocrx_word' id='word_1_31' title='bbox 727 1478 830 1544; x_wconf 85' lang='lat' dir='ltr'>spreta,</span> 
     </span>
    </p>
   </div>
   <div class='ocr_carea' id='block_1_6' title="bbox 124 1549 730 1704">
    <p class='ocr_par' dir='ltr' id='par_1_6' title="bbox 124 1549 730 1704">
     <span class='ocr_line' id='line_1_7' title="bbox 165 1549 730 1627; baseline -0.007 -17"><span class='ocrx_word' id='word_1_32' title='bbox 165 1552 265 1610; x_wconf 83' lang='lat' dir='ltr'>Gratia</span> <span class='ocrx_word' id='word_1_33' title='bbox 286 1552 421 1622; x_wconf 86' lang='lat' dir='ltr'><strong>succedit,</strong></span> <span class='ocrx_word' id='word_1_34' title='bbox 442 1552 554 1627; x_wconf 83' lang='lat' dir='ltr'>perdita</span> <span class='ocrx_word' id='word_1_35' title='bbox 573 1552 630 1608; x_wconf 83' lang='lat' dir='ltr'>vita</span> <span class='ocrx_word' id='word_1_36' title='bbox 651 1549 730 1607; x_wconf 82' lang='lat' dir='ltr'>redit.</span> 
     </span>
     <span class='ocr_line' id='line_1_8' title="bbox 124 1633 285 1704; baseline -0.006 -12"><span class='ocrx_word' id='word_1_37' title='bbox 124 1634 215 1704; x_wconf 87' lang='lat' dir='ltr'>Salve,</span> <span class='ocrx_word' id='word_1_38' title='bbox 236 1633 285 1692; x_wconf 76' lang='lat' dir='ltr'>&amp;e</span> 
     </span>
    </p>
   </div>
   <div class='ocr_carea' id='block_1_7' title="bbox 125 1792 868 2031">
    <p class='ocr_par' dir='ltr' id='par_1_7' title="bbox 125 1792 868 2031">
     <span class='ocr_line' id='line_1_9' title="bbox 125 1792 868 1872; baseline -0.005 -19"><span class='ocrx_word' id='word_1_39' title='bbox 125 1797 192 1853; x_wconf 91' lang='lat' dir='ltr'>Hoc</span> <span class='ocrx_word' id='word_1_40' title='bbox 215 1814 319 1872; x_wconf 89' lang='lat' dir='ltr'>corpus</span> <span class='ocrx_word' id='word_1_41' title='bbox 341 1794 454 1860; x_wconf 74' lang='lat' dir='ltr'>Chiisti,</span> <span class='ocrx_word' id='word_1_42' title='bbox 477 1795 589 1853; x_wconf 81' lang='lat' dir='ltr'>salvans</span> <span class='ocrx_word' id='word_1_43' title='bbox 611 1793 647 1852; x_wconf 93' lang='lat' dir='ltr'>de</span> <span class='ocrx_word' id='word_1_44' title='bbox 668 1792 767 1850; x_wconf 85' lang='lat' dir='ltr'>funere</span> <span class='ocrx_word' id='word_1_45' title='bbox 788 1794 868 1858; x_wconf 84' lang='lat' dir='ltr'>tristi,</span> 
     </span>
     <span class='ocr_line' id='line_1_10' title="bbox 166 1875 751 1953; baseline -0.005 -19"><span class='ocrx_word' id='word_1_46' title='bbox 166 1878 276 1936; x_wconf 84' lang='lat' dir='ltr'><strong>Manna</strong></span> <span class='ocrx_word' id='word_1_47' title='bbox 297 1878 434 1953; x_wconf 86' lang='lat' dir='ltr'>figuravit,</span> <span class='ocrx_word' id='word_1_48' title='bbox 453 1877 533 1948; x_wconf 80' lang='lat' dir='ltr'>litera</span> <span class='ocrx_word' id='word_1_49' title='bbox 552 1876 646 1951; x_wconf 84' lang='lat' dir='ltr'>prisca</span> <span class='ocrx_word' id='word_1_50' title='bbox 666 1875 751 1932; x_wconf 77' lang='lat' dir='ltr'>canit,</span> 
     </span>
     <span class='ocr_line' id='line_1_11' title="bbox 125 1960 285 2031; baseline 0 -13"><span class='ocrx_word' id='word_1_51' title='bbox 125 1960 216 2031; x_wconf 84' lang='lat' dir='ltr'>Salve,</span> <span class='ocrx_word' id='word_1_52' title='bbox 237 1961 285 2018; x_wconf 73' lang='lat' dir='ltr'>ize.</span> 
     </span>
    </p>
   </div>
   <div class='ocr_carea' id='block_1_8' title="bbox 126 2119 840 2343">
    <p class='ocr_par' dir='ltr' id='par_1_8' title="bbox 126 2119 840 2343">
     <span class='ocr_line' id='line_1_12' title="bbox 127 2119 840 2181; baseline -0.003 -2"><span class='ocrx_word' id='word_1_53' title='bbox 127 2123 193 2181; x_wconf 92' lang='lat' dir='ltr'>Hoc</span> <span class='ocrx_word' id='word_1_54' title='bbox 215 2123 334 2180; x_wconf 91' lang='lat' dir='ltr'>verbum</span> <span class='ocrx_word' id='word_1_55' title='bbox 349 2119 439 2178; x_wconf 84' lang='lat' dir='ltr'>Patris</span> <span class='ocrx_word' id='word_1_56' title='bbox 461 2120 533 2178; x_wconf 91' lang='lat' dir='ltr'>coeli</span> <span class='ocrx_word' id='word_1_57' title='bbox 554 2120 691 2178; x_wconf 83' lang='lat' dir='ltr'>formator</span> <span class='ocrx_word' id='word_1_58' title='bbox 713 2129 741 2178; x_wconf 92' lang='lat' dir='ltr'>et</span> <span class='ocrx_word' id='word_1_59' title='bbox 764 2120 840 2177; x_wconf 89' lang='lat' dir='ltr'>orbis</span> 
     </span>
     <span class='ocr_line' id='line_1_13' title="bbox 126 2201 836 2343; baseline -0.004 -82"><span class='ocrx_word' id='word_1_60' title='bbox 126 2202 345 2343; x_wconf 51' lang='lat' dir='ltr'>Sassgmggatoe</span> <span class='ocrx_word' id='word_1_61' title='bbox 367 2211 470 2260; x_wconf 86' lang='lat' dir='ltr'>cuncta</span> <span class='ocrx_word' id='word_1_62' title='bbox 490 2212 567 2260; x_wconf 84' lang='lat' dir='ltr'>creat</span> <span class='ocrx_word' id='word_1_63' title='bbox 588 2211 616 2259; x_wconf 91' lang='lat' dir='ltr'>et</span> <span class='ocrx_word' id='word_1_64' title='bbox 637 2201 743 2260; x_wconf 79' lang='lat' dir='ltr'>deitate</span> <span class='ocrx_word' id='word_1_65' title='bbox 763 2202 836 2259; x_wconf 85' lang='lat' dir='ltr'>beat.</span> 
     </span>
    </p>
   </div>
   <div class='ocr_carea' id='block_1_9' title="bbox 126 2443 792 2523">
    <p class='ocr_par' dir='ltr' id='par_1_9' title="bbox 126 2443 792 2523">
     <span class='ocr_line' id='line_1_14' title="bbox 126 2443 792 2523; baseline -0.005 -18"><span class='ocrx_word' id='word_1_66' title='bbox 126 2448 245 2523; x_wconf 83' lang='lat' dir='ltr'>Angelis</span> <span class='ocrx_word' id='word_1_67' title='bbox 266 2455 310 2505; x_wconf 89' lang='lat' dir='ltr'>est</span> <span class='ocrx_word' id='word_1_68' title='bbox 331 2447 413 2522; x_wconf 90' lang='lat' dir='ltr'>panis</span> <span class='ocrx_word' id='word_1_69' title='bbox 434 2462 548 2504; x_wconf 86' lang='lat' dir='ltr'><strong>summa</strong></span> <span class='ocrx_word' id='word_1_70' title='bbox 569 2443 675 2502; x_wconf 86' lang='lat' dir='ltr'>refecto</span> <span class='ocrx_word' id='word_1_71' title='bbox 697 2445 792 2514; x_wconf 75' lang='lat' dir='ltr'>sacriS,</span> 
     </span>
    </p>
   </div>
   <div class='ocr_carea' id='block_1_10' title="bbox 127 2525 774 2680">
    <p class='ocr_par' dir='ltr' id='par_1_10' title="bbox 127 2525 774 2680">
     <span class='ocr_line' id='line_1_15' title="bbox 167 2525 774 2600; baseline -0.007 -14"><span class='ocrx_word' id='word_1_72' title='bbox 167 2529 225 2586; x_wconf 91' lang='lat' dir='ltr'>Sed</span> <span class='ocrx_word' id='word_1_73' title='bbox 246 2545 334 2586; x_wconf 88' lang='lat' dir='ltr'>sensu</span> <span class='ocrx_word' id='word_1_74' title='bbox 354 2527 433 2584; x_wconf 83' lang='lat' dir='ltr'>vanis</span> <span class='ocrx_word' id='word_1_75' title='bbox 454 2526 493 2583; x_wconf 89' lang='lat' dir='ltr'>nil</span> <span class='ocrx_word' id='word_1_76' title='bbox 514 2525 588 2583; x_wconf 83' lang='lat' dir='ltr'>valet</span> <span class='ocrx_word' id='word_1_77' title='bbox 609 2525 662 2583; x_wconf 88' lang='lat' dir='ltr'>iste</span> <span class='ocrx_word' id='word_1_78' title='bbox 683 2526 774 2600; x_wconf 86' lang='lat' dir='ltr'>panis.</span> 
     </span>
     <span class='ocr_line' id='line_1_16' title="bbox 127 2611 289 2680; baseline -0.006 -12"><span class='ocrx_word' id='word_1_79' title='bbox 127 2611 217 2680; x_wconf 87' lang='lat' dir='ltr'>Salve,</span> <span class='ocrx_word' id='word_1_80' title='bbox 239 2611 289 2668; x_wconf 74' lang='lat' dir='ltr'>iic.</span> 
     </span>
    </p>
   </div>
   <div class='ocr_carea' id='block_1_11' title="bbox 127 2769 880 2849">
    <p class='ocr_par' dir='ltr' id='par_1_11' title="bbox 127 2769 880 2849">
     <span class='ocr_line' id='line_1_17' title="bbox 127 2769 880 2849; baseline -0.007 -18"><span class='ocrx_word' id='word_1_81' title='bbox 127 2773 193 2831; x_wconf 92' lang='lat' dir='ltr'>Hoc</span> <span class='ocrx_word' id='word_1_82' title='bbox 215 2790 319 2849; x_wconf 85' lang='lat' dir='ltr'><strong>corpus</strong></span> <span class='ocrx_word' id='word_1_83' title='bbox 340 2789 438 2829; x_wconf 91' lang='lat' dir='ltr'>verum</span> <span class='ocrx_word' id='word_1_84' title='bbox 460 2769 577 2828; x_wconf 84' lang='lat' dir='ltr'>firmans</span> <span class='ocrx_word' id='word_1_85' title='bbox 598 2769 755 2844; x_wconf 83' lang='lat' dir='ltr'>primordia</span> <span class='ocrx_word' id='word_1_86' title='bbox 775 2787 880 2840; x_wconf 88' lang='lat' dir='ltr'>rerum,</span> 
     </span>
    </p>
   </div>
   <div class='ocr_carea' id='block_1_12' title="bbox 129 2851 800 3007">
    <p class='ocr_par' dir='ltr' id='par_1_12' title="bbox 129 2851 800 3007">
     <span class='ocr_line' id='line_1_18' title="bbox 129 2851 800 2994; baseline -0.007 -81"><span class='ocrx_word' id='word_1_87' title='bbox 129 2854 264 2994; x_wconf 44' lang='lat' dir='ltr'>SlInferjss</span> <span class='ocrx_word' id='word_1_88' title='bbox 283 2853 422 2929; x_wconf 78' lang='lat' dir='ltr'>confregit</span> <span class='ocrx_word' id='word_1_89' title='bbox 443 2861 529 2927; x_wconf 83' lang='lat' dir='ltr'>atque</span> <span class='ocrx_word' id='word_1_90' title='bbox 550 2851 700 2927; x_wconf 87' lang='lat' dir='ltr'>redempta</span> <span class='ocrx_word' id='word_1_91' title='bbox 720 2853 800 2926; x_wconf 83' lang='lat' dir='ltr'>regit.</span> 
     </span>
     <span class='ocr_line' id='line_1_19' title="bbox 149 2955 289 3007; baseline 0 -14"><span class='ocrx_word' id='word_1_92' title='bbox 149 2955 218 3007; x_wconf 87' lang='lat' dir='ltr'>ave,</span> <span class='ocrx_word' id='word_1_93' title='bbox 265 2955 289 2993; x_wconf 88' lang='lat' dir='ltr'>e.</span> 
     </span>
    </p>
   </div>
   <div class='ocr_carea' id='block_1_13' title="bbox 129 3094 923 3255">
    <p class='ocr_par' dir='ltr' id='par_1_13' title="bbox 129 3094 923 3255">
     <span class='ocr_line' id='line_1_20' title="bbox 129 3094 923 3174; baseline -0.008 -18"><span class='ocrx_word' id='word_1_94' title='bbox 129 3098 258 3157; x_wconf 84' lang='lat' dir='ltr'>Laudem</span> <span class='ocrx_word' id='word_1_95' title='bbox 272 3099 453 3174; x_wconf 87' lang='lat' dir='ltr'>complacuit,</span> <span class='ocrx_word' id='word_1_96' title='bbox 468 3113 584 3154; x_wconf 86' lang='lat' dir='ltr'>carnem</span> <span class='ocrx_word' id='word_1_97' title='bbox 599 3097 660 3153; x_wconf 88' lang='lat' dir='ltr'>sine</span> <span class='ocrx_word' id='word_1_98' title='bbox 672 3095 782 3154; x_wconf 88' lang='lat' dir='ltr'>semine</span> <span class='ocrx_word' id='word_1_99' title='bbox 792 3094 923 3172; x_wconf 87' lang='lat' dir='ltr'>sumpsit,</span> 
     </span>
     <span class='ocr_line' id='line_1_21' title="bbox 169 3177 813 3255; baseline 0 -21"><span class='ocrx_word' id='word_1_100' title='bbox 169 3180 295 3255; x_wconf 87' lang='lat' dir='ltr'>Virginis</span> <span class='ocrx_word' id='word_1_101' title='bbox 316 3188 344 3238; x_wconf 92' lang='lat' dir='ltr'>et</span> <span class='ocrx_word' id='word_1_102' title='bbox 365 3180 463 3238; x_wconf 85' lang='lat' dir='ltr'>matris</span> <span class='ocrx_word' id='word_1_103' title='bbox 484 3178 593 3236; x_wconf 83' lang='lat' dir='ltr'>viscera</span> <span class='ocrx_word' id='word_1_104' title='bbox 614 3195 695 3236; x_wconf 82' lang='lat' dir='ltr'>sacra</span> <span class='ocrx_word' id='word_1_105' title='bbox 715 3177 813 3252; x_wconf 87' lang='lat' dir='ltr'>replet.</span> 
     </span>
    </p>
   </div>
   <div class='ocr_carea' id='block_1_14' title="bbox 91 3262 291 3331">
    <p class='ocr_par' dir='ltr' id='par_1_14' title="bbox 91 3262 291 3331">
     <span class='ocr_line' id='line_1_22' title="bbox 91 3262 291 3331; baseline 0 -11"><span class='ocrx_word' id='word_1_106' title='bbox 91 3269 94 3274; x_wconf 88' lang='lat'>&#39;</span> <span class='ocrx_word' id='word_1_107' title='bbox 125 3262 220 3331; x_wconf 86' lang='lat' dir='ltr'>¹Salve,</span> <span class='ocrx_word' id='word_1_108' title='bbox 241 3263 291 3320; x_wconf 72' lang='lat' dir='ltr'>&amp;e</span> 
     </span>
    </p>
   </div>
   <div class='ocr_carea' id='block_1_15' title="bbox 0 0 1221 3904">
    <p class='ocr_par' dir='ltr' id='par_1_15' title="bbox 0 0 1221 3904">
     <span class='ocr_line' id='line_1_23' title="bbox 0 0 1221 3904; baseline 0 0"><span class='ocrx_word' id='word_1_109' title='bbox 0 0 1221 3904; x_wconf 95' lang='lat' dir='ltr'> </span> 
     </span>
    </p>
   </div>
  </div>
 </body>
</html>
