2478 3928
354 396 392 454 In
416 394 596 454 Conuersione
617 391 649 452 S.
667 393 764 452 Pauli.
911 405 963 464 107

324 560 390 637 Jam
411 558 501 618 tendit
521 556 650 616 imbelles
671 574 791 627 manus;

323 642 391 719 Jam
412 640 486 699 colla
507 639 647 698 submittit
666 639 754 714 jugo:

326 724 451 799 Stupens
470 723 554 797 J'acet,
576 720 681 778 clamat
701 730 843 778 tremens:

325 805 413 876 Quid,
436 803 558 874 Christe,
580 799 650 878 quid
672 802 760 860 victor
780 800 883 878 jubes?

326 967 371 1024 Ex
393 967 475 1024 hoste
497 965 588 1036 miles,
610 983 646 1023 ex
667 965 737 1040 lupo

327 1050 439 1123 Agnus,
460 1048 542 1122 gregi
564 1065 595 1104 se
617 1047 752 1117 devovet;

328 1129 366 1188 Et
386 1139 483 1204 raptor
505 1129 568 1204 ipse
588 1129 678 1187 nobili

329 1211 442 1287 Raptus
463 1209 609 1286 triumpho
631 1210 749 1268 ducitur.

327 1374 355 1434 O
377 1374 454 1431 celsa
474 1373 634 1443 cedrorum,
656 1371 745 1442 Deus,

260 1479 262 1483 ·
330 1455 390 1526 Qui
411 1473 482 1513 voce
503 1455 587 1514 vertis
609 1454 749 1512 culmina}

329 1537 357 1595 O
379 1538 428 1613 qui
448 1536 559 1613 potenti
581 1536 699 1612 subjicis

332 1618 446 1676 Mentes
468 1618 606 1694 superbas
628 1617 752 1692 gratiae!

333 1781 390 1852 Tu,
413 1781 522 1846 Pastor,
544 1779 670 1838 infensas
692 1790 742 1838 tuo
843 1793 850 1802 ·

332 1862 417 1922 Vires
438 1863 504 1921 ovili
525 1870 658 1932 contere3

333 1944 370 2002 Et
391 1954 496 2010 nostra,
518 1944 543 2002 si
563 1943 633 2019 quid
654 1943 776 2008 devium,

331 2026 379 2084 Ad
400 2037 428 2084 te
449 2026 563 2086 reflecte
583 2034 708 2101 pectora.

334 2187 392 2247 Uni
414 2189 449 2247 sit
470 2197 498 2245 et
519 2189 593 2245 trino
615 2188 681 2246 Deo

335 2270 476 2346 Suprema
496 2269 567 2340 laus,
589 2287 736 2328 summum
757 2269 853 2336 decus

336 2352 382 2410 De
403 2362 488 2410 nocte
510 2352 559 2427 qui
580 2368 635 2410 nos
656 2351 693 2410 ad
716 2369 784 2410 suae

337 2433 450 2491 Lumen
471 2433 582 2492 vocavit
602 2433 718 2507 gloriae.
768 2451 772 2464 ·

405 2675 452 2718 ΑΙ)
474 2674 627 2720 OFFICIUM
649 2674 744 2718 NOCT.

337 2828 421 2899 Quos
443 2828 472 2884 in
493 2827 599 2897 hostes,
623 2826 715 2897 Saule,
737 2827 850 2885 tendis?

339 2909 408 2981 Quo
430 2909 524 2967 furore
545 2909 690 2984 percitus?

340 2991 494 3049 Immolare
516 2990 586 3066 quid
606 3000 649 3048 tot
669 2989 752 3048 ardes

339 3072 513 3131 Innocentes
534 3073 683 3130 victimas?

340 3153 526 3230 Insequendo
547 3172 634 3232 quem
655 3154 780 3224 lacessis

343 3235 454 3295 Senties
475 3254 545 3294 mox
566 3236 715 3294 vindicem.
