2456 3904
278 385 348 438 :¹²90
459 366 497 423 In
518 364 693 424 Dedae‘caaane
714 362 746 423 S.
761 363 919 434 Mt'ckaelti.

586 746 631 786 AD
653 745 788 788 LAUDES·
867 787 870 794 .

372 935 493 1010 Christe,
516 949 681 999 sanctorum
704 941 792 1000 d'ecus
814 941 992 1017 angelorum,

372 1025 474 1083 Gentis
496 1022 639 1080 humanae
662 1022 746 1081 Sator
767 1023 1006 1100 et‘Redemptor,

372 1106 517 1163 Coelitum
537 1104 621 1162 nobis
644 1104 752 1162 tribuas
773 1106 872 1164 beatas
938 1140 946 1156 ι

452 1186 595 1244 Scandere
617 1185 710 1244 sedes

371 1350 501 1425 Angelus
523 1350 602 1424 pacis
623 1347 748 1406 Michael
769 1350 799 1406 in
820 1349 907 1407 aedes

371 1432 499 1490 Coelitus
519 1439 631 1492 nostras
653 1430 765 1487 veniat:
794 1447 912 1489 serenae

369 1515 479 1571 Auctor
500 1522 531 1570 ut
551 1512 632 1590 pacis
653 1511 815 1587 lacrymosa
836 1513 865 1569 in
887 1529 988 1570 orcum

451 1594 531 1652 Bella
551 1594 666 1668 releget.

371 1758 500 1833 Angelus
522 1757 602 1815 sortis
624 1755 750 1825 Gabriel,
772 1765 803 1814 ut
824 1755 922 1815 hostes
958 1778 965 1782 ¹·

372 1839 462 1896 Pellat
483 1840 625 1914 antiquos,
647 1845 676 1895 et
697 1839 790 1896 amica
810 1838 901 1907 coelo,

372 1921 456 1992 Quae
477 1919 666 1996 triumphator
687 1920 783 1977 statuit
804 1937 856 1998 per
877 1920 986 1992 orbem,

453 2001 577 2077 Templa
598 2001 708 2058 revisat.

372 2165 500 2239 Angelus
522 2173 637 2222 nostrae
658 2165 788 2222 medicus
809 2164 906 2222 salutis

371 2247 455 2304 Adsit
479 2265 494 2303 e
517 2245 599 2303 coelo
613 2244 760 2320 ,Raphael
782 2255 813 2304 ut
834 2263 936 2303 omnes

372 2327 460 2386 Sanet
481 2338 622 2403 aegrotos,
645 2327 806 2405 dubiosque
825 2327 899 2384 vitae

450 2409 562 2485 Dirigat
584 2419 671 2467 actus.

369 2574 461 2648 Virgo
482 2573 541 2630 dux
561 2573 650 2649 pacis,
671 2571 852 2648 genitrixque
874 2570 952 2641 lucis,

370 2655 407 2711 Et
428 2674 509 2716 sacer
529 2655 614 2713 nobis
636 2653 740 2712 chorus
761 2652 930 2728 angelorum

372 2737 492 2812 Semper
512 2737 634 2804 assistat,
655 2735 741 2794 simul
761 2744 790 2791 et
810 2734 942 2792 micantis

451 2817 545 2891 Regia
565 2817 646 2874 coeli.

370 2980 496 3037 Praestet
518 2978 573 3037 hoe
594 2978 678 3036 nobis
699 2975 800 3040 Deitas
820 2978 905 3036 beata

371 3062 470 3132 Patris,
492 3079 526 3118 ac
547 3060 624 3124 Nati,
646 3059 807 3135 pariterque
828 3059 920 3118 sancti

372 3134 500 3219 Spiritus,
522 3143 603 3215 cujus
624 3149 739 3199 resonat
759 3157 950 3216 peromnem

451 3224 550 3284 Gloria
570 3223 720 3284 mundum.
