2456 3904
393 429 432 486 In
452 427 533 486 Festo
554 427 586 488 S.
594 426 704 506 joseph.
895 429 949 483 281

229 591 271 650 Sit
293 591 425 651 Trinitati
449 592 623 669 sempiterna
643 591 742 667 gloria,

229 673 343 745 Honor,
365 683 500 750 potestas,
523 683 609 751 atque
628 673 767 750 jubilatio,

228 753 263 811 In
284 757 391 815 unitate
412 774 488 834 quae
509 756 650 831 gubernat
673 755 779 824 omnia,

167 859 172 873 ·
229 834 284 893 Per
305 837 436 897 universa
457 835 630 896 aeternitatis
652 835 772 895 saecula.
822 845 823 848 ’

452 1101 497 1158 ru
519 1099 650 1162 russo

294 1214 322 1271 s,
344 1211 498 1289 Jossrn
520 1207 808 1274 comessoris.

360 1374 396 1416 IN
419 1373 580 1433 UTRISQUE
603 1373 754 1418 VESPERIS.

230 1485 284 1555 Te,
306 1485 424 1561 Joseph,
447 1485 591 1544 celebrent
612 1485 728 1561 agmina
749 1487 891 1559 coelitum,

232 1566 277 1624 Te
298 1566 393 1625 cuncti
413 1565 553 1626 resonent
569 1567 763 1626 Christiadum
784 1569 871 1642 chori,

230 1648 290 1719 Qui
312 1648 404 1708 clarus
425 1649 542 1720 meritis,
562 1650 677 1726 junctus
699 1665 730 1708 es
752 1651 873 1726 inclytae

314 1729 404 1788 Casto
425 1730 541 1789 loedere
563 1730 684 1806 Virgini.

231 1893 320 1960 Almo
342 1911 409 1951 cum
430 1893 571 1952 tumidam
591 1881 721 1969 germine
743 1894 899 1971 conjugem

230 1975 395 2045 Admirans‚
418 1974 507 2034 dubio
528 1975 653 2052 tangeris
675 1976 785 2045 anxius,

230 2057 338 2116 Afflatu
357 2057 454 2133 superi
475 2057 613 2116 Flaminis
635 2057 765 2132 Angelus

312 2137 497 2214 Conceptum
518 2157 640 2215 puerum
655 2139 748 2198 docet.

233 2299 281 2356 Tu
301 2311 400 2358 natum
421 2300 581 2359 Dominum
604 2301 726 2377 stringis
746 2301 783 2359 ad
805 2311 915 2359 exteras

232 2381 358 2456 Aegypti
379 2382 536 2456 profugum
557 2393 588 2441 tu
610 2383 737 2459 sequeris
759 2382 874 2458 plagas3

231 2462 380 2519 Amissum
401 2461 525 2537 Solymis
546 2465 667 2539 quaeris
689 2473 717 2522 et
738 2465 855 2534 invenis,

314 2541 443 2601 Miscens
463 2545 569 2617 gaudia
589 2545 712 2604 fletibus.

237 2705 307 2763 Post
328 2713 452 2763 mortem
471 2705 598 2781 reliquos
619 2724 699 2766 mors
720 2707 769 2783 pia
790 2718 947 2779 consecrat,

235 2786 421 2863 Palmamque
442 2788 576 2847 emeritos
596 2787 687 2867 gloria
708 2785 841 2865 suscipit:

234 2866 282 2925 Tu
303 2870 408 2940 vivens,
429 2869 540 2946 superis
561 2887 621 2947 par,
642 2870 743 2930 frueris
765 2871 839 2942 Deo,

315 2949 391 3008 Mira
413 2962 488 3010 sorte
510 2951 652 3010 beatior*

325 3108 339 3133 s
351 3089 427 3145 Nobis,
437 3105 522 3138 summa
533 3091 602 3146 Trias,
612 3107 675 3153 paroc
682 3092 821 3152 premitibus,

349 3156 384 3201 Da
394 3156 476 3216 Joseph
486 3157 567 3204 meritis
577 3158 645 3205 sidera
655 3157 769 3204 scandere:

348 3221 380 3266 Ut
390 3223 479 3268 tandem
489 3222 551 3270 liceat
562 3237 601 3270 nos
612 3223 650 3271 tibi
661 3224 768 3284 perpetim

414 3287 507 3334 Gratum
517 3302 617 3350 promere
627 3288 742 3338 mutinum.
