2450 3912
173 487 179 502 a
278 413 315 482 56

493 412 531 469 In
551 412 714 490 Epiphania
733 415 857 477 Domiti.

396 574 501 633 Pannis
522 587 639 651 opertus
660 579 761 638 vilibus

395 655 490 727 Lates,
511 660 682 719 recumbens
703 662 733 718 iu
754 680 860 737 specu:

395 737 507 808 Homo,
529 742 679 814 superbis!
701 753 729 800 et
751 743 848 802 Deum

395 818 493 885 Panni,
515 838 619 895 specus
639 841 699 882 non
720 824 869 884 dedecent.

393 983 421 1038 A
442 981 525 1040 Patre
545 984 658 1056 missus,
680 987 782 1061 perditi

390 1061 449 1134 Qui
470 1063 561 1123 factus
581 1083 614 1123 es
635 1068 736 1127 mundi
758 1070 845 1142 salus,

388 1143 466 1220 Jesu,
488 1146 579 1220 perire
599 1165 641 1204 nev
657 1149 734 1207 sinas

392 1225 450 1283 Tot
471 1245 545 1302 quos
566 1228 639 1287 emis
660 1229 815 1292 laboribus.

393 1386 453 1459 Qui
473 1399 557 1448 natus
578 1409 610 1450 es
632 1392 669 1450 de
689 1385 820 1470 Virgine3

388 1468 467 1545 Jesu‚
489 1471 541 1528 tibi
562 1473 597 1530 sit
618 1473 709 1548 gloria

388 1549 464 1608 Cum
486 1551 578 1624 Patre,
600 1571 724 1630 cumque
747 1557 862 1635 Spiritu,

388 1631 422 1688 In
444 1635 618 1710 sempiterna
639 1638 743 1696 secula.

486 1982 534 2026 AD
561 1981 715 2027 OFFICIUM
745 1986 842 2032 NOCT.

380 2177 446 2255 Fac,
468 2181 589 2258 Christe,
610 2191 698 2248 nostri
719 2191 818 2265 gratia,
864 2269 866 2272 Ι

382 2265 524 2325 Defuncte
546 2278 587 2327 tot
609 2270 763 2343 laboribus,

382 2345 422 2405 Ut
443 2348 539 2407 me'nte
560 2361 649 2425 grata,
671 2355 712 2411 sic
734 2347 789 2428 piis

384 2427 449 2486 Hos
470 2431 628 2505 praedicari
649 2435 790 2494 cantibus.

381 2589 486 2648 Castae
506 2595 630 2668 parentis
652 2597 681 2653 in
703 2597 768 2655 sinu

381 2671 513 2732 Inclusus
535 2676 655 2736 ardebas
677 2679 755 2753 pati:

378 2755 523 2814 Aeternus
544 2766 575 2814 ut
597 2757 691 2817 discas
713 2761 796 2831 mori,

379 2833 503 2894 Mortale
526 2855 631 2913 corpus
653 2841 756 2900 induis.

378 2995 435 3054 Vix
457 3007 549 3069 natus
572 3001 693 3062 imbellis
714 3022 794 3079 puer,

375 3077 469 3136 Acuta
490 3080 577 3139 sentis
598 3081 703 3159 frigora
710 3105 719 3157 3

375 3159 421 3217 En
442 3161 495 3219 vile
516 3179 570 3237 pro
591 3165 670 3223 molli
692 3167 777 3225 thoro

375 3241 506 3301 Foenum
527 3245 578 3302 tibi
599 3250 777 3324 supponitur.
