2478 3928
283 378 339 435 130
519 357 575 420 SS.
596 359 681 418 Petri
696 363 723 418 el
739 359 836 422 Paule:

365 524 406 581 Sit
427 523 601 598 sempiterno
622 523 795 601 sempiterna
813 524 875 584 laus
896 524 988 583 Patri:

365 604 449 662 Petro
469 621 609 679 supernus
630 621 717 681 quem
737 606 868 665 revelavit
889 605 981 676 Pater,

363 687 486 744 Aeterne
507 685 568 756 Fili,
590 686 651 745 laus
672 687 722 744 tibi
743 687 779 746 sit
799 689 940 746 maxima:

365 767 405 825 Sit
426 785 477 842 par
498 784 633 841 supremo
654 768 716 826 laus
736 766 882 846 decusque
903 769 1032 827 Flamini.

477 1121 523 1165 AD
544 1119 707 1164 SECUNDAS
729 1118 889 1165 vust’ERns·

325 1338 460 1399 Tandem
480 1339 619 1410 laborum,
640 1339 758 1415 gloriosi
778 1340 921 1415 principes

326 1422 461 1480 Fructum
480 1421 598 1480 tenetis:
628 1420 694 1479 lana
714 1422 823 1496 passim
843 1429 994 1479 corruunt:

325 1502 405 1574 Quin
425 1503 487 1578 ipsa
507 1503 562 1561 late
583 1501 680 1560 Roma
699 1502 797 1560 victrix
817 1503 952 1578 gentium,

327 1584 363 1642 Se
386 1583 547 1644 Christiano
565 1585 626 1660 jam
647 1593 742 1658 stupet
763 1584 847 1642 subdi
864 1585 944 1660 jugo.

327 1747 420 1805 Saevit
442 1746 610 1822 Tyrannus;
638 1756 667 1803 at
687 1745 860 1822 triumphant
880 1746 1026 1805 victimae:

327 1829 407 1886 Alter
427 1846 479 1904 per
498 1845 598 1887 ensem
619 1828 715 1896 victor,
737 1827 807 1885 alter
827 1845 878 1902 per
898 1845 1020 1898 crucem,

328 1909 419 1968 Coelo
441 1927 577 1967 coronam
597 1909 713 1966 laureati
734 1909 898 1988 possideut;

328 1991 477 2066 Fususque
499 1991 615 2066 sanguis
636 1989 813 2049 Christianos
834 1991 962 2048 seminat.

329 2153 459 2229 Superba
479 2153 595 2212 sordent
616 2151 755 2211 Caesares
776 2152 922 2223 cadavera,

329 2233 419 2305 Queis
439 2235 508 2292 urbs
528 2234 625 2291 litabat
646 2234 726 2308 impii
746 2234 838 2293 cultus
859 2233 952 2294 ferax:

328 2315 533 2391 Apostolorum
553 2314 688 2389 gloriatur
708 2315 830 2386 ossibus,

329 2395 487 2474 Fixamque
508 2397 607 2454 atlorat
627 2397 747 2455 collibus
767 2396 826 2454 suis
847 2414 968 2456 crucem.

330 2557 416 2616 Nunc
436 2577 456 2617 o
476 2575 575 2617 cruore
595 2567 749 2634 purpurata
770 2559 866 2629 nobili,

330 2638 478 2716 Novisque
499 2639 564 2698 felix
586 2639 683 2698 Roma
703 2639 905 2709 conditoribus

332 2721 446 2778 Horum
466 2720 609 2797 trophaeis
631 2731 722 2792 aucta,
743 2731 851 2798 quanto
872 2722 965 2780 verius

332 2801 444 2877 Regina
464 2800 555 2877 fulges
576 2803 646 2860 orbe
666 2813 728 2861 toto
748 2803 862 2874 civitas3

333 2964 373 3022 Sit
394 2965 567 3039 semiptemo
588 2966 761 3040 sempiterna
781 2965 842 3024 laus
863 2964 955 3023 Patn':

334 3045 374 3103 Sit
395 3046 598 3120 sempiternum
619 3046 691 3105 Filio
713 3047 804 3106 Patris
825 3046 929 3105 decus:

333 3126 391 3198 Qui
412 3127 501 3185 nectis
522 3127 633 3197 ambos
655 3146 764 3204 aequus
785 3128 935 3196 ambobus,
957 3127 1007 3186 tibi

333 3208 442 3278 Divine,
465 3209 500 3267 sit
520 3208 581 3266 laus
602 3210 782 3284 sempitema‚
805 3207 932 3284 Spiritus.
