2478 3928
231 491 237 506 ·
288 427 324 498 98
528 416 566 474 In
586 413 620 472 F
616 417 667 473 est‘o
690 413 844 473 Trinitatis.

451 582 496 638 Tc
518 581 608 640 densa
628 579 735 636 circum
756 577 861 647 nubila,

451 663 496 721 Te
517 663 625 720 circum
646 661 825 718 inaccessum
844 660 937 735 jubar,

451 744 540 816 Quod
561 744 636 800 intus
658 742 759 799 ardent
779 741 885 816 Angeli

452 826 569 884 Circum
589 833 744 882 trementes
766 841 889 880 cernere.

453 988 498 1046 Te
520 987 670 1046 confitetur
690 987 720 1043 in
740 996 792 1043 tuo

453 1070 490 1127 Et
511 1069 594 1145 plebs
615 1077 714 1126 renata
733 1067 867 1137 nomine3

455 1151 607 1226 Firmaque
629 1149 766 1225 praelibat
786 1149 844 1206 fide

360 1277 362 1284 ,
455 1233 547 1289 Amor
567 1231 647 1307 quod
667 1231 757 1289 ambit
777 1229 946 1306 praemium.

456 1395 503 1452 Da
523 1412 611 1470 posse
633 1395 712 1470 quod
731 1393 824 1470 jubes,
848 1391 947 1450 Pater:

457 1477 504 1534 Da
525 1477 605 1546 scire,
627 1476 689 1546 Fili,
711 1474 790 1552 quod
806 1474 915 1532 doces:

458 1558 515 1624 Fac
537 1559 624 1616 corde
644 1567 715 1627 totu,
739 1555 867 1631 Spiritus,

460 1640 523 1698 Nos
544 1640 615 1697 velle
637 1639 716 1714 quod
736 1638 843 1714 probas
864 1637 982 1694 bonum.

459 1802 582 1872 Praesta,
605 1801 688 1859 Pater
708 1801 845 1875 piissime,

461 1884 594 1959 Patrique
615 1901 735 1958 compar
755 1881 858 1951 Unice,

462 1965 568 2024 Sancto
590 1965 673 2023 simul
694 1981 761 2021 cum
784 1962 898 2038 Spiritu,

463 2041 601 2122 Regnans
622 2065 673 2122 per
694 2063 781 2103 omne
803 2043 940 2104 seculum.

531 2384 576 2429 AD
598 2385 751 2429 OFFICIUM
775 2384 870 2427 NOCT.

344 2586 471 2644 Sublime
493 2585 618 2657 Numen,
640 2597 682 2645 ter
702 2597 814 2662 potens,
835 2595 878 2642 ter
897 2585 1068 2656 maximum,

345 2668 623 2743 lncomprehensum
644 2669 715 2727 lucis
737 2668 895 2726 immensae
914 2666 1006 2741 jubar,

346 2749 473 2824 Simplex
495 2759 523 2808 et
543 2769 625 2820 unus,
647 2761 675 2808 et
694 2751 783 2808 tn'bus
804 2759 939 2807 constans
961 2747 1052 2818 Deus,

346 2830 391 2888 Te
412 2850 457 2888 res
479 2841 588 2890 creatae
610 2831 692 2890 laude
712 2831 775 2907 jugi
795 2831 955 2888 concinant.

347 2992 395 3050 Tu
417 2992 562 3050 Trinitatis
583 2992 648 3053 fons
670 2993 863 3063 inexhaustus,
886 2993 977 3063 Pater,

338 3073 449 3151 Filique
471 3091 597 3132 nascens
619 3075 710 3134 Patris
732 3087 848 3134 aeterno
869 3077 941 3144 sinu,

337 3158 381 3213 Ac
403 3167 503 3214 sancte
517 3158 640 3214 manans
663 3177 679 3215 e
702 3157 815 3215 duobus
831 3157 963 3234 Spiritus

335 3237 384 3295 Nil
406 3255 458 3296 vos
481 3238 512 3295 in
533 3256 592 3296 una
613 3239 711 3298 dividit
733 3240 898 3298 substantia
