2514 3934
261 397 318 452 206

485 395 650 456 Sanclarum
671 397 834 457 Mulierum.

421 559 527 617 Pacem
547 559 635 631 domi,
657 579 759 636 pacem
781 562 849 620 foris

420 640 488 700 Alto
509 641 576 699 colit
597 643 724 714 silenti0;

423 721 501 781 Lites
523 733 600 781 amat
621 742 804 799 componere,

421 802 460 861 Ut
481 821 539 862 una
559 823 641 864 mens
663 806 699 864 sit
719 807 861 865 omnibus.

422 966 546 1024 Aeterne
566 978 598 1025 tu
618 967 707 1026 Verbi
729 967 821 1038 Pater,

420 1047 543 1105 Aeterne
564 1048 617 1107 Fili
638 1068 689 1128 par
710 1050 794 1120 Patri,

421 1128 458 1187 Et
479 1147 531 1204 par
551 1131 662 1206 utrique
684 1131 813 1206 Spiritus,

421 1208 497 1282 Tibi,
519 1210 608 1284 Deus,
631 1213 666 1270 sit
686 1213 785 1288 gloria.

452 1586 497 1629 AD
518 1585 679 1632 SECUNDAS
703 1587 862 1633 VESPERAS.

421 1772 449 1832 O
469 1774 530 1849 jam
551 1775 644 1846 beata,
667 1794 740 1851 quae
763 1793 816 1835 suo

420 1855 555 1913 Tandem
577 1857 670 1915 soluta
691 1875 819 1932 corpore,

421 1936 531 1994 Vinclis
553 1939 768 2013 perennioribus

420 2016 479 2074 Uni
500 2018 566 2077 Deo
587 2021 787 2096 conjungitur!

421 2180 474 2238 Per
495 2198 569 2255 quos
590 2182 696 2256 gradus
718 2183 831 2242 eoelum
852 2185 928 2258 petit,

421 2261 487 2319 Hac
508 2262 547 2319 ire
569 2280 619 2321 vos
641 2281 744 2323 omnes
766 2264 857 2335 docet,

420 2342 539 2419 Junctae
558 2344 648 2419 jugali
669 2346 790 2416 vincu10‚

419 2423 456 2482 Et
477 2443 528 2484 vos
549 2426 659 2486 solutae
681 2427 837 2504 Conjuges.

420 2587 545 2663 Insignis
566 2598 595 2646 et
616 2606 670 2647 nos
692 2589 829 2648 Feminae

420 2668 508 2745 Sequi
529 2669 611 2728 decet
632 2671 759 2746 vestigia,

420 2749 562 2825 Magnum
583 2751 626 2809 vel
647 2752 717 2826 ipsis
738 2769 812 2826 quae
835 2750 886 2808 suit

420 2830 539 2890 Virtutis
559 2833 724 2907 exemplum
745 2832 818 2890 viris.

419 2991 510 3064 Queis
532 2993 599 3052 assit
620 2994 674 3064 illa,
696 2993 750 3064 fac,
771 2993 860 3064 Beue,

418 3074 583 3150 Flagremus
605 3086 633 3133 et
654 3092 708 3134 nos
730 3076 861 3151 ignibus3

418 3155 528 3232 quue,
551 3174 609 3232 quo
630 3167 658 3215 te
679 3157 720 3216 vis
742 3158 805 3228 coli,

417 3238 525 3297 Amore
546 3238 593 3298 fae
612 3257 695 3298 mens
716 3250 744 3298 te
765 3240 848 3298 eolat.
