2478 3928
462 391 518 453 SS.
539 393 717 470 Angelorum.
935 414 987 473 157

268 553 387 612 Movere
408 555 515 613 bellum
536 557 616 632 pacis
638 557 667 614 in
688 560 765 618 atriis

269 636 391 694 Insanus
412 637 492 695 ardet
513 637 635 708 Lucifer,
657 651 685 698 et
705 642 775 717 polo

268 717 370 775 Parare
392 719 542 778 dementes
561 721 657 779 ruinas
840 720 842 726 ’

266 800 362 874 Atque
383 799 440 858 Dei
461 801 534 859 solio
554 802 665 860 minari.

267 961 379 1020 Invadit
400 963 477 1022 idem
498 964 574 1022 mille
596 965 672 1024 acies
693 966 786 1037 furor;

267 1043 387 1101 Fervent
408 1045 531 1103 tumultu
553 1045 664 1104 sidera:
689 1048 842 1123 grandium

267 1123 335 1182 Dux
357 1143 462 1201 magne
483 1128 632 1198 bellorum,
656 1127 798 1189 Tonantis

266 1205 336 1282 Jura
357 1208 439 1266 datur
459 1208 510 1266 tibi
531 1209 680 1268 vindicare.

266 1368 332 1427 Hac
354 1368 506 1446 fulguranti
527 1390 605 1443 voce,
628 1372 702 1445 Quis
723 1385 754 1432 ut
775 1373 877 1432 Deus?

264 1450 349 1510 Pellis
370 1454 528 1528 superbos:
554 1464 685 1514 strenuus
707 1456 809 1531 impias

265 1532 378 1591 Vexare
399 1546 515 1605 tunnas,
537 1545 566 1593 et
586 1536 705 1596 rebelles

266 1614 413 1690 Perpetuis
433 1617 553 1692 religare
574 1617 706 1677 flammis.

266 1778 307 1834 Sit
329 1777 389 1838 laus
411 1778 532 1850 Petenti,
554 1781 604 1856 qui
625 1791 701 1838 creat
722 1781 867 1856 Angelos;

265 1859 319 1916 Per
339 1879 427 1936 quem
448 1862 623 1938 triumphant
643 1863 734 1938 gloria
755 1863 842 1920 Filio:

264 1940 333 2012 Quo
354 1943 523 2002 roborantur
544 1944 605 2003 laus
627 1945 662 2004 sit
682 1945 759 2002 almo

266 2023 396 2097 Spiritui:
420 2025 509 2084 tribus
531 2044 589 2083 una
610 2044 732 2102 semper.

489 2231 687 2241 -ο

514 2402 596 2464 Ocr.
622 2421 650 2465 2.

207 2497 216 2516 '
282 2558 332 2616 SS.
354 2557 619 2618 ANGELORUM
642 2552 881 2616 CUSTODUM.

225 2819 271 2860 Al)
293 2817 408 2861 PRIMAS
432 2817 583 2862 VESPERAS
606 2817 647 2860 ET
667 2815 820 2860 OFFICIUM
844 2814 938 2856 NOCl'.

262 2987 406 3046 Custodes
427 2988 577 3046 hominum
597 2986 746 3062 psallimus
767 2983 905 3059 Angelos,

261 3068 388 3127 Naturae
409 3069 502 3145 fragili
522 3086 596 3145 quos
617 3068 700 3125 Pater
721 3065 830 3125 addidit

261 3149 401 3210 Coelestis
423 3152 551 3220 comites,
574 3149 772 3208 insidiantibus

352 3233 399 3290 Ne
421 3234 619 3291 succumberet
640 3231 780 3290 hostibus.
