<?xml version="1.0" encoding="UTF-8"?>
<!DOCTYPE html PUBLIC "-//W3C//DTD XHTML 1.0 Transitional//EN"
    "http://www.w3.org/TR/xhtml1/DTD/xhtml1-transitional.dtd">
<html xmlns="http://www.w3.org/1999/xhtml" xml:lang="en" lang="en">
 <head>
  <title>
</title>
<meta http-equiv="Content-Type" content="text/html;charset=utf-8" />
  <meta name='ocr-system' content='tesseract 3.04.00' />
  <meta name='ocr-capabilities' content='ocr_page ocr_carea ocr_par ocr_line ocrx_word'/>
</head>
<body>
  <div class='ocr_page' id='page_1' title='image "./hymniecclesiae01churgoog_0089.png"; bbox 0 0 2478 3928; ppageno 0'>
   <div class='ocr_carea' id='block_1_1' title="bbox 286 409 321 468">
    <p class='ocr_par' dir='ltr' id='par_1_1' title="bbox 286 409 321 468">
     <span class='ocr_line' id='line_1_1' title="bbox 286 409 321 468; baseline 0 -16"><span class='ocrx_word' id='word_1_1' title='bbox 286 409 321 468; x_wconf 78' lang='lat'><strong>72</strong></span> 
     </span>
    </p>
   </div>
   <div class='ocr_carea' id='block_1_2' title="bbox 495 389 877 456">
    <p class='ocr_par' dir='ltr' id='par_1_2' title="bbox 495 389 877 456">
     <span class='ocr_line' id='line_1_2' title="bbox 495 389 877 456; baseline 0.01 -4"><span class='ocrx_word' id='word_1_2' title='bbox 495 389 533 452; x_wconf 81' lang='lat' dir='ltr'><strong>In</strong></span> <span class='ocrx_word' id='word_1_3' title='bbox 553 389 701 452; x_wconf 79' lang='lat' dir='ltr'><strong>Domz‘rtz&#39;ca</strong></span> <span class='ocrx_word' id='word_1_4' title='bbox 721 391 877 456; x_wconf 68' lang='lat' dir='ltr'><strong>Passaeimri.</strong></span> 
     </span>
    </p>
   </div>
   <div class='ocr_carea' id='block_1_3' title="bbox 403 555 786 632">
    <p class='ocr_par' dir='ltr' id='par_1_3' title="bbox 403 555 786 632">
     <span class='ocr_line' id='line_1_3' title="bbox 403 555 786 632; baseline 0.003 -18"><span class='ocrx_word' id='word_1_5' title='bbox 403 557 450 614; x_wconf 90' lang='lat' dir='ltr'><strong>Ab</strong></span> <span class='ocrx_word' id='word_1_6' title='bbox 470 557 548 620; x_wconf 81' lang='lat' dir='ltr'>orbo,</span> <span class='ocrx_word' id='word_1_7' title='bbox 569 555 648 632; x_wconf 89' lang='lat' dir='ltr'>Jesu,</span> <span class='ocrx_word' id='word_1_8' title='bbox 669 558 786 617; x_wconf 90' lang='lat' dir='ltr'><strong>condito</strong></span> 
     </span>
    </p>
   </div>
   <div class='ocr_carea' id='block_1_4' title="bbox 303 636 849 712">
    <p class='ocr_par' dir='ltr' id='par_1_4' title="bbox 303 636 849 712">
     <span class='ocr_line' id='line_1_4' title="bbox 303 636 849 712; baseline 0.004 -16"><span class='ocrx_word' id='word_1_9' title='bbox 303 643 304 648; x_wconf 76' lang='grc'>’</span> <span class='ocrx_word' id='word_1_10' title='bbox 403 637 523 697; x_wconf 89' lang='lat' dir='ltr'><strong>Occisus</strong></span> <span class='ocrx_word' id='word_1_11' title='bbox 544 636 655 712; x_wconf 87' lang='lat' dir='ltr'><strong>Agnus,</strong></span> <span class='ocrx_word' id='word_1_12' title='bbox 676 657 752 697; x_wconf 87' lang='lat' dir='ltr'><strong>nunc</strong></span> <span class='ocrx_word' id='word_1_13' title='bbox 774 639 849 698; x_wconf 83' lang='lat' dir='ltr'><strong>Patri</strong></span> 
     </span>
    </p>
   </div>
   <div class='ocr_carea' id='block_1_5' title="bbox 401 719 832 860">
    <p class='ocr_par' dir='ltr' id='par_1_5' title="bbox 401 719 832 860">
     <span class='ocr_line' id='line_1_5' title="bbox 401 719 832 780; baseline 0.009 -4"><span class='ocrx_word' id='word_1_14' title='bbox 401 719 504 778; x_wconf 88' lang='lat' dir='ltr'><strong>Priscis</strong></span> <span class='ocrx_word' id='word_1_15' title='bbox 525 719 724 778; x_wconf 81' lang='lat' dir='ltr'><strong>adumbratam</strong></span> <span class='ocrx_word' id='word_1_16' title='bbox 745 722 832 780; x_wconf 87' lang='lat' dir='ltr'><strong>sacris</strong></span> 
     </span>
     <span class='ocr_line' id='line_1_6' title="bbox 402 800 767 860; baseline 0.008 -3"><span class='ocrx_word' id='word_1_17' title='bbox 402 801 495 860; x_wconf 89' lang='lat' dir='ltr'>Ardes</span> <span class='ocrx_word' id='word_1_18' title='bbox 515 800 594 858; x_wconf 81' lang='lat' dir='ltr'><strong>litare</strong></span> <span class='ocrx_word' id='word_1_19' title='bbox 615 802 767 860; x_wconf 78' lang='lat' dir='ltr'><strong>victimam.</strong></span> 
     </span>
    </p>
   </div>
   <div class='ocr_carea' id='block_1_6' title="bbox 403 962 869 1284">
    <p class='ocr_par' dir='ltr' id='par_1_6' title="bbox 403 962 859 1202">
     <span class='ocr_line' id='line_1_7' title="bbox 403 962 848 1041; baseline 0.009 -21"><span class='ocrx_word' id='word_1_20' title='bbox 403 962 442 1020; x_wconf 84' lang='lat' dir='ltr'><strong>At</strong></span> <span class='ocrx_word' id='word_1_21' title='bbox 455 981 506 1021; x_wconf 89' lang='lat' dir='ltr'><strong>cur</strong></span> <span class='ocrx_word' id='word_1_22' title='bbox 525 963 605 1022; x_wconf 90' lang='lat' dir='ltr'><strong>humi</strong></span> <span class='ocrx_word' id='word_1_23' title='bbox 626 973 728 1022; x_wconf 83' lang='lat' dir='ltr'><strong>stratus</strong></span> <span class='ocrx_word' id='word_1_24' title='bbox 747 963 848 1041; x_wconf 83' lang='lat' dir='ltr'><strong>jaces?</strong></span> 
     </span>
     <span class='ocr_line' id='line_1_8' title="bbox 404 1045 859 1123; baseline 0.004 -21"><span class='ocrx_word' id='word_1_25' title='bbox 404 1045 477 1115; x_wconf 90' lang='lat' dir='ltr'><strong>Quis</strong></span> <span class='ocrx_word' id='word_1_26' title='bbox 498 1045 551 1103; x_wconf 90' lang='lat' dir='ltr'><strong>iste</strong></span> <span class='ocrx_word' id='word_1_27' title='bbox 572 1046 726 1104; x_wconf 88' lang='lat' dir='ltr'><strong>moerentis</strong></span> <span class='ocrx_word' id='word_1_28' title='bbox 747 1049 859 1123; x_wconf 82' lang='lat' dir='ltr'>pavor?</span> 
     </span>
     <span class='ocr_line' id='line_1_9' title="bbox 403 1125 785 1202; baseline 0.005 -19"><span class='ocrx_word' id='word_1_29' title='bbox 403 1125 477 1197; x_wconf 88' lang='lat' dir='ltr'><strong>Quis</strong></span> <span class='ocrx_word' id='word_1_30' title='bbox 497 1127 550 1185; x_wconf 89' lang='lat' dir='ltr'><strong>iste</strong></span> <span class='ocrx_word' id='word_1_31' title='bbox 572 1127 621 1202; x_wconf 93' lang='lat' dir='ltr'><strong>qui</strong></span> <span class='ocrx_word' id='word_1_32' title='bbox 641 1136 703 1186; x_wconf 91' lang='lat' dir='ltr'><strong>toto</strong></span> <span class='ocrx_word' id='word_1_33' title='bbox 724 1127 785 1185; x_wconf 91' lang='lat' dir='ltr'>fluit</span> 
     </span>
    </p>

    <p class='ocr_par' dir='ltr' id='par_1_7' title="bbox 404 1206 869 1284">
     <span class='ocr_line' id='line_1_10' title="bbox 404 1206 869 1284; baseline 0.006 -20"><span class='ocrx_word' id='word_1_34' title='bbox 404 1206 499 1266; x_wconf 85' lang='lat' dir='ltr'>Sudor</span> <span class='ocrx_word' id='word_1_35' title='bbox 518 1218 651 1266; x_wconf 90' lang='lat' dir='ltr'><strong>cruentus</strong></span> <span class='ocrx_word' id='word_1_36' title='bbox 672 1209 814 1284; x_wconf 84' lang='lat' dir='ltr'>corpore?</span> <span class='ocrx_word' id='word_1_37' title='bbox 868 1277 869 1280; x_wconf 7' lang='grc' dir='ltr'><strong>Ἴ</strong></span> 
     </span>
    </p>
   </div>
   <div class='ocr_carea' id='block_1_7' title="bbox 403 1368 854 1675">
    <p class='ocr_par' dir='ltr' id='par_1_8' title="bbox 403 1368 854 1675">
     <span class='ocr_line' id='line_1_11' title="bbox 403 1368 845 1447; baseline 0.009 -20"><span class='ocrx_word' id='word_1_38' title='bbox 403 1368 492 1428; x_wconf 88' lang='lat' dir='ltr'><strong>Hunc</strong></span> <span class='ocrx_word' id='word_1_39' title='bbox 512 1369 554 1430; x_wconf 89' lang='lat' dir='ltr'><strong>vis</strong></span> <span class='ocrx_word' id='word_1_40' title='bbox 575 1370 681 1429; x_wconf 91' lang='lat' dir='ltr'><strong>doloris</strong></span> <span class='ocrx_word' id='word_1_41' title='bbox 705 1373 845 1447; x_wconf 87' lang='lat' dir='ltr'>exprimit,</span> 
     </span>
     <span class='ocr_line' id='line_1_12' title="bbox 404 1449 854 1527; baseline 0.004 -19"><span class='ocrx_word' id='word_1_42' title='bbox 404 1449 572 1527; x_wconf 86' lang='lat' dir='ltr'>Horrorque</span> <span class='ocrx_word' id='word_1_43' title='bbox 591 1463 662 1511; x_wconf 89' lang='lat' dir='ltr'><strong>teter</strong></span> <span class='ocrx_word' id='word_1_44' title='bbox 683 1454 854 1512; x_wconf 88' lang='lat' dir='ltr'><strong>criminum:</strong></span> 
     </span>
     <span class='ocr_line' id='line_1_13' title="bbox 404 1532 839 1601; baseline 0.011 -13"><span class='ocrx_word' id='word_1_45' title='bbox 404 1532 491 1592; x_wconf 90' lang='lat' dir='ltr'><strong>Vices</strong></span> <span class='ocrx_word' id='word_1_46' title='bbox 511 1545 666 1592; x_wconf 88' lang='lat' dir='ltr'><strong>nocentum</strong></span> <span class='ocrx_word' id='word_1_47' title='bbox 688 1536 839 1601; x_wconf 87' lang='lat' dir='ltr'><strong>sustinens,</strong></span> 
     </span>
     <span class='ocr_line' id='line_1_14' title="bbox 404 1613 787 1675; baseline 0.008 -4"><span class='ocrx_word' id='word_1_48' title='bbox 404 1614 481 1672; x_wconf 84' lang='lat' dir='ltr'>Iram</span> <span class='ocrx_word' id='word_1_49' title='bbox 501 1615 668 1674; x_wconf 83' lang='lat' dir='ltr'>reformidas</span> <span class='ocrx_word' id='word_1_50' title='bbox 689 1613 787 1675; x_wconf 89' lang='lat' dir='ltr'><strong>Patris.</strong></span> 
     </span>
    </p>
   </div>
   <div class='ocr_carea' id='block_1_8' title="bbox 399 1776 839 2082">
    <p class='ocr_par' dir='ltr' id='par_1_9' title="bbox 399 1776 839 2082">
     <span class='ocr_line' id='line_1_15' title="bbox 403 1776 815 1854; baseline 0 -18"><span class='ocrx_word' id='word_1_51' title='bbox 403 1776 449 1836; x_wconf 86' lang='lat' dir='ltr'><strong>Te</strong></span> <span class='ocrx_word' id='word_1_52' title='bbox 469 1787 553 1836; x_wconf 91' lang='lat' dir='ltr'><strong>terret</strong></span> <span class='ocrx_word' id='word_1_53' title='bbox 573 1777 704 1854; x_wconf 87' lang='lat' dir='ltr'><strong>objectus</strong></span> <span class='ocrx_word' id='word_1_54' title='bbox 724 1779 815 1837; x_wconf 87' lang='lat' dir='ltr'><strong>calix:</strong></span> 
     </span>
     <span class='ocr_line' id='line_1_16' title="bbox 401 1859 790 1926; baseline 0.005 -10"><span class='ocrx_word' id='word_1_55' title='bbox 401 1861 440 1916; x_wconf 87' lang='lat' dir='ltr'><strong>At</strong></span> <span class='ocrx_word' id='word_1_56' title='bbox 461 1859 514 1924; x_wconf 86' lang='lat' dir='ltr'><strong>ille,</strong></span> <span class='ocrx_word' id='word_1_57' title='bbox 536 1859 566 1916; x_wconf 91' lang='lat' dir='ltr'><strong>ni</strong></span> <span class='ocrx_word' id='word_1_58' title='bbox 586 1870 679 1918; x_wconf 89' lang='lat' dir='ltr'><strong>totum</strong></span> <span class='ocrx_word' id='word_1_59' title='bbox 699 1861 790 1926; x_wconf 87' lang='lat' dir='ltr'>bibas,</span> 
     </span>
     <span class='ocr_line' id='line_1_17' title="bbox 399 1939 839 2016; baseline 0.009 -20"><span class='ocrx_word' id='word_1_60' title='bbox 399 1939 453 1997; x_wconf 88' lang='lat' dir='ltr'><strong>Per</strong></span> <span class='ocrx_word' id='word_1_61' title='bbox 474 1942 646 2016; x_wconf 86' lang='lat' dir='ltr'><strong>sempiterna</strong></span> <span class='ocrx_word' id='word_1_62' title='bbox 666 1960 720 2000; x_wconf 91' lang='lat' dir='ltr'><strong>nos</strong></span> <span class='ocrx_word' id='word_1_63' title='bbox 740 1952 839 2000; x_wconf 88' lang='lat' dir='ltr'><strong>manet</strong></span> 
     </span>
     <span class='ocr_line' id='line_1_18' title="bbox 402 2021 745 2082; baseline 0.012 -3"><span class='ocrx_word' id='word_1_64' title='bbox 402 2021 620 2082; x_wconf 82' lang='lat' dir='ltr'><strong>Exhauriendus</strong></span> <span class='ocrx_word' id='word_1_65' title='bbox 642 2025 745 2082; x_wconf 79' lang='lat' dir='ltr'><strong>secula.</strong></span> 
     </span>
    </p>
   </div>
   <div class='ocr_carea' id='block_1_9' title="bbox 400 2184 838 2490">
    <p class='ocr_par' dir='ltr' id='par_1_10' title="bbox 400 2184 838 2490">
     <span class='ocr_line' id='line_1_19' title="bbox 400 2184 800 2260; baseline 0.008 -19"><span class='ocrx_word' id='word_1_66' title='bbox 400 2184 504 2243; x_wconf 89' lang='lat' dir='ltr'><strong>Vincet</strong></span> <span class='ocrx_word' id='word_1_67' title='bbox 522 2203 659 2260; x_wconf 84' lang='lat' dir='ltr'>pavorem</span> <span class='ocrx_word' id='word_1_68' title='bbox 679 2188 780 2244; x_wconf 88' lang='lat' dir='ltr'><strong>caritas</strong></span> <span class='ocrx_word' id='word_1_69' title='bbox 790 2204 800 2257; x_wconf 92' lang='lat'>;</span> 
     </span>
     <span class='ocr_line' id='line_1_20' title="bbox 401 2261 783 2343; baseline 0.005 -21"><span class='ocrx_word' id='word_1_70' title='bbox 401 2266 505 2325; x_wconf 88' lang='lat' dir='ltr'><strong>Vincet</strong></span> <span class='ocrx_word' id='word_1_71' title='bbox 526 2267 655 2326; x_wconf 82' lang='lat' dir='ltr'><strong>voluntas</strong></span> <span class='ocrx_word' id='word_1_72' title='bbox 675 2261 783 2343; x_wconf 47' lang='lat' dir='ltr'><strong>catria:</strong></span> 
     </span>
     <span class='ocr_line' id='line_1_21' title="bbox 401 2348 777 2424; baseline 0.003 -18"><span class='ocrx_word' id='word_1_73' title='bbox 401 2348 506 2407; x_wconf 89' lang='lat' dir='ltr'>Temet</span> <span class='ocrx_word' id='word_1_74' title='bbox 526 2350 666 2424; x_wconf 81' lang='lat' dir='ltr'>potestati,</span> <span class='ocrx_word' id='word_1_75' title='bbox 688 2348 777 2415; x_wconf 90' lang='lat' dir='ltr'>Deus,</span> 
     </span>
     <span class='ocr_line' id='line_1_22' title="bbox 402 2429 838 2490; baseline -0.005 -3"><span class='ocrx_word' id='word_1_76' title='bbox 402 2429 506 2490; x_wconf 85' lang='lat' dir='ltr'><strong>Tradis</strong></span> <span class='ocrx_word' id='word_1_77' title='bbox 527 2431 707 2490; x_wconf 86' lang='lat' dir='ltr'>tenebrarum</span> <span class='ocrx_word' id='word_1_78' title='bbox 729 2431 838 2489; x_wconf 80' lang='lat' dir='ltr'>volens,</span> 
     </span>
    </p>
   </div>
   <div class='ocr_carea' id='block_1_10' title="bbox 399 2593 827 2914">
    <p class='ocr_par' dir='ltr' id='par_1_11' title="bbox 399 2593 827 2827">
     <span class='ocr_line' id='line_1_23' title="bbox 399 2593 798 2669; baseline 0.008 -20"><span class='ocrx_word' id='word_1_79' title='bbox 399 2593 438 2650; x_wconf 89' lang='lat' dir='ltr'><strong>Et</strong></span> <span class='ocrx_word' id='word_1_80' title='bbox 455 2595 516 2669; x_wconf 81' lang='lat' dir='ltr'><strong>jam</strong></span> <span class='ocrx_word' id='word_1_81' title='bbox 538 2593 665 2669; x_wconf 82' lang='lat' dir='ltr'><strong>flagellis,</strong></span> <span class='ocrx_word' id='word_1_82' title='bbox 686 2594 798 2664; x_wconf 90' lang='lat' dir='ltr'><strong>ictibus,</strong></span> 
     </span>
     <span class='ocr_line' id='line_1_24' title="bbox 400 2674 827 2751; baseline 0.005 -20"><span class='ocrx_word' id='word_1_83' title='bbox 400 2674 550 2745; x_wconf 90' lang='lat' dir='ltr'><strong>Ludibriis,</strong></span> <span class='ocrx_word' id='word_1_84' title='bbox 572 2677 669 2751; x_wconf 64' lang='lat' dir='ltr'><strong>spinis</strong></span> <span class='ocrx_word' id='word_1_85' title='bbox 691 2678 776 2746; x_wconf 88' lang='lat' dir='ltr'><strong>cruci,</strong></span> <span class='ocrx_word' id='word_1_86' title='bbox 823 2694 827 2705; x_wconf 71' lang='grc'><strong>“</strong></span> 
     </span>
     <span class='ocr_line' id='line_1_25' title="bbox 399 2754 672 2827; baseline 0.011 -16"><span class='ocrx_word' id='word_1_87' title='bbox 399 2754 551 2815; x_wconf 87' lang='lat' dir='ltr'><strong>Piacularis</strong></span> <span class='ocrx_word' id='word_1_88' title='bbox 571 2757 672 2827; x_wconf 83' lang='lat' dir='ltr'><strong>hostia,</strong></span> 
     </span>
    </p>

    <p class='ocr_par' dir='ltr' id='par_1_12' title="bbox 400 2837 812 2914">
     <span class='ocr_line' id='line_1_26' title="bbox 400 2837 812 2914; baseline 0.01 -23"><span class='ocrx_word' id='word_1_89' title='bbox 400 2837 496 2896; x_wconf 88' lang='lat' dir='ltr'>Voves</span> <span class='ocrx_word' id='word_1_90' title='bbox 517 2839 696 2897; x_wconf 78' lang='lat' dir='ltr'>adorandum</span> <span class='ocrx_word' id='word_1_91' title='bbox 717 2850 812 2914; x_wconf 83' lang='lat' dir='ltr'><strong>caput.</strong></span> 
     </span>
    </p>
   </div>
   <div class='ocr_carea' id='block_1_11' title="bbox 399 3001 876 3321">
    <p class='ocr_par' dir='ltr' id='par_1_13' title="bbox 399 3001 876 3321">
     <span class='ocr_line' id='line_1_27' title="bbox 400 3001 802 3072; baseline 0 -14"><span class='ocrx_word' id='word_1_92' title='bbox 400 3001 459 3072; x_wconf 89' lang='lat' dir='ltr'><strong>Qui</strong></span> <span class='ocrx_word' id='word_1_93' title='bbox 480 3001 584 3059; x_wconf 88' lang='lat' dir='ltr'><strong>Filium</strong></span> <span class='ocrx_word' id='word_1_94' title='bbox 604 3001 696 3072; x_wconf 84' lang='lat' dir='ltr'><strong>tradit,</strong></span> <span class='ocrx_word' id='word_1_95' title='bbox 718 3001 802 3072; x_wconf 87' lang='lat' dir='ltr'><strong>Patri,</strong></span> 
     </span>
     <span class='ocr_line' id='line_1_28' title="bbox 400 3082 845 3158; baseline 0.002 -19"><span class='ocrx_word' id='word_1_96' title='bbox 400 3082 534 3158; x_wconf 83' lang='lat' dir='ltr'>Natoque</span> <span class='ocrx_word' id='word_1_97' title='bbox 556 3083 591 3141; x_wconf 89' lang='lat' dir='ltr'><strong>sit</strong></span> <span class='ocrx_word' id='word_1_98' title='bbox 611 3083 673 3141; x_wconf 86' lang='lat' dir='ltr'><strong>laus</strong></span> <span class='ocrx_word' id='word_1_99' title='bbox 694 3083 845 3153; x_wconf 85' lang='lat' dir='ltr'><strong>victimae;</strong></span> 
     </span>
     <span class='ocr_line' id='line_1_29' title="bbox 399 3163 876 3239; baseline 0.004 -19"><span class='ocrx_word' id='word_1_100' title='bbox 399 3164 454 3222; x_wconf 86' lang='lat' dir='ltr'><strong>Par</strong></span> <span class='ocrx_word' id='word_1_101' title='bbox 474 3165 510 3222; x_wconf 93' lang='lat' dir='ltr'><strong>sit</strong></span> <span class='ocrx_word' id='word_1_102' title='bbox 530 3164 580 3221; x_wconf 92' lang='lat' dir='ltr'><strong>tibi</strong></span> <span class='ocrx_word' id='word_1_103' title='bbox 602 3163 671 3234; x_wconf 86' lang='lat' dir='ltr'><strong>laus,</strong></span> <span class='ocrx_word' id='word_1_104' title='bbox 693 3165 743 3239; x_wconf 89' lang='lat' dir='ltr'><strong>qui</strong></span> <span class='ocrx_word' id='word_1_105' title='bbox 764 3183 876 3223; x_wconf 84' lang='lat' dir='ltr'><strong>sacram</strong></span> 
     </span>
     <span class='ocr_line' id='line_1_30' title="bbox 400 3245 816 3321; baseline 0.005 -19"><span class='ocrx_word' id='word_1_106' title='bbox 400 3245 555 3304; x_wconf 89' lang='lat' dir='ltr'><strong>Succendis</strong></span> <span class='ocrx_word' id='word_1_107' title='bbox 576 3263 663 3316; x_wconf 84' lang='lat' dir='ltr'>aram,</span> <span class='ocrx_word' id='word_1_108' title='bbox 687 3245 816 3321; x_wconf 88' lang='lat' dir='ltr'><strong>Spiritus.</strong></span> 
     </span>
    </p>
   </div>
   <div class='ocr_carea' id='block_1_12' title="bbox 0 0 1244 3928">
    <p class='ocr_par' dir='ltr' id='par_1_14' title="bbox 0 0 1244 3928">
     <span class='ocr_line' id='line_1_31' title="bbox 0 0 1244 3928; baseline 0 0"><span class='ocrx_word' id='word_1_109' title='bbox 0 0 1244 3928; x_wconf 95' lang='lat' dir='ltr'><strong> </strong></span> 
     </span>
    </p>
   </div>
  </div>
 </body>
</html>
