2478 3928
414 408 452 466 In
473 406 529 466 Die
548 406 719 465 Pentecosles.

291 575 374 632 Parta
394 573 449 631 tuis
470 571 615 629 laboribus

214 690 223 712 0
290 656 357 733 Jarn
377 665 409 712 tu
429 653 530 730 potiris
550 652 657 727 gloria:
864 692 867 704 .

291 738 377 795 Nunc
397 736 484 806 hora;
509 735 684 810 promissum
706 733 796 792 Patris
880 777 883 788 .

291 819 377 877 Nunc
398 819 479 875 mitte
500 816 584 874 nobis
607 815 751 891 Spiritum.

291 981 349 1053 Qui
372 980 461 1039 Patris
483 979 520 1036 ad
541 979 671 1036 dextram
693 981 785 1050 sedes,

289 1063 367 1140 Jesu,
388 1062 439 1120 tibi
461 1061 498 1118 sit
516 1061 607 1135 gloria

290 1144 366 1202 Cum
388 1143 479 1212 Patre,
499 1159 624 1216 cumque
646 1140 759 1218 Spiritu,

291 1227 325 1282 In
347 1227 520 1301 sempiterna
541 1223 645 1282 secula.

487 1407 640 1415 —

310 1520 357 1577 IN
386 1518 463 1576 DIE
491 1518 825 1580 PENTECOSTES.

386 1682 431 1725 AD
452 1681 569 1726 PRIMAS
592 1683 753 1728 vrsPERAS.

291 1788 374 1858 Veni,
396 1805 519 1864 superne
541 1788 678 1864 Spiritus:

291 1869 413 1944 Purgata
434 1869 539 1929 Christi
560 1871 709 1946 sanguine,

292 1951 407 2027 Tuique
427 1961 502 2009 terra
519 1952 581 2027 jam
602 1970 702 2027 capax,

290 2033 436 2108 Expandit
457 2044 568 2091 arentes
590 2034 677 2092 sinus.

291 2195 397 2254 Christi
417 2197 540 2271 petentis
561 2196 676 2254 aethera

290 2277 415 2336 Exsolve
435 2279 609 2353 promissam
628 2274 727 2347 fidem,

286 2360 326 2417 ·Et
346 2368 444 2417 nostra
463 2376 599 2435 praesens
620 2359 707 2434 igneo

289 2441 401 2499 Munda
421 2440 533 2499 lavacro
553 2451 677 2517 pectora.

289 2605 437 2679 Lugemus
458 2605 596 2661 amissum
618 2603 748 2674 Patrem;

291 2687 336 2746 Te
357 2695 454 2744 nostra
474 2694 572 2760 tangat
592 2685 714 2744 orbitas:

293 2768 390 2827 Solare
411 2777 556 2837 moestos;
582 2767 673 2824 anxiis
771 2825 779 2840 ,

292 2849 380 2926 Spem
401 2848 498 2920 redde,
520 2849 569 2923 qui
591 2848 668 2907 solus
689 2858 780 2923 potes.

289 3011 403 3070 Docere
424 3031 498 3090 quae
519 3011 648 3071 Christus
669 3011 754 3070 rudes
846 3067 850 3082 ‚

291 3094 419 3152 Prudens
440 3094 572 3152 alumnos
593 3093 707 3162 distulit,

293 3175 375 3233 Haec
397 3176 572 3251 praeparatis
593 3175 686 3232 insere

292 3257 393 3316 Novus
414 3257 550 3333 magister
570 3256 723 3314 mentibus.
