2478 3928
274 377 329 428 104

456 355 494 412 In
514 352 595 410 Festo
619 349 750 426 Corporis
773 349 889 430 Christi

391 519 487 588 Visus,
509 525 610 587 tactus,
632 525 734 590 gustus
755 514 785 571 in
806 525 834 572 te
856 511 985 594 fallitur„¹

393 600 451 658 Sed
472 599 570 656 auditu
591 596 654 656 solo
675 605 737 655 tuto
759 596 898 654 creditur:

391 682 487 740 Credo
508 678 649 756 quidquid
670 677 740 736 dixit
761 677 816 735 Dei
837 676 941 749 Filius;

392 763 441 820 Nil
461 762 517 820 hoc
538 759 673 819 Veritatis
693 760 780 816 verbo
801 759 902 817 verius.

391 927 426 982 In
447 943 531 982 cruce
552 922 657 986 latebat
678 923 740 980 sola
759 922 869 994 Deitas,

391 1008 430 1064 At
451 1005 497 1064 hic
518 1005 584 1063 latet
606 1004 691 1062 simul
712 1013 739 1061 et
760 1004 938 1063 humanitas:

389 1087 487 1146 Ambo
508 1096 605 1144 tamen
626 1086 746 1144 eredens
767 1095 852 1161 atque
874 1085 1023 1156 confitens,

392 1170 462 1228 Peto
484 1169 563 1245 quod
583 1169 681 1244 petivit
701 1166 789 1225 Latro
809 1169 968 1243 poenitens.

390 1333 502 1407 Plagas,
525 1332 597 1390 sicut
619 1331 759 1400 Thomas,
781 1348 840 1388 non
861 1331 988 1402 intue0r3

388 1413 485 1471 Deum
506 1422 604 1470 tamen
623 1431 722 1470 meum
742 1421 770 1469 te
791 1411 945 1470 confiteor:

389 1495 447 1552 Fac
468 1513 515 1552 me
536 1495 588 1552 tibi
609 1512 723 1569 semper
743 1494 836 1568 magis
857 1495 981 1564 credere,

389 1577 472 1634 Inte
494 1594 577 1652 spem
598 1575 711 1647 habere,
733 1585 762 1633 te
783 1575 907 1650 diligere.

394 1739 422 1797 Ο
443 1738 610 1797 memoriale
631 1739 731 1797 mortis
752 1739 880 1809 Domini,

390 1821 476 1878 Panis
497 1821 584 1890 vivus,
606 1821 692 1877 vitam
713 1830 862 1896 praestans
883 1820 1001 1889 homini,

391 1902 507 1960 Praesta
527 1919 610 1960 meae
631 1902 720 1959 menti
741 1902 777 1966 de
798 1911 827 1960 te
848 1902 947 1971 vivere,

391 1983 428 2040 Et
449 1995 476 2041 te
498 1984 536 2042 illi
558 1999 672 2059 semper
693 1984 775 2042 dulce
797 2002 906 2058 sapere.

391 2146 419 2204 Ο
440 2147 506 2204 fons
527 2146 664 2222 puritatis
685 2142 756 2222 Jesu
776 2142 912 2217 Domine,

390 2227 441 2284 Me
463 2227 644 2285 immundum
665 2227 774 2285 munda
794 2237 844 2285 tuo
865 2228 1012 2302 sanguine,

389 2308 480 2384 Cujus
501 2327 559 2366 una
580 2309 652 2367 stilla
673 2305 782 2366 salvum
803 2309 896 2366 facere

390 2389 500 2448 Totum
521 2391 582 2466 quit
603 2391 640 2448 ab
661 2391 740 2449 omni
761 2390 902 2448 mundum
924 2392 1038 2449 scelere.

387 2554 464 2630 Jesu,
487 2571 574 2629 quem
595 2555 718 2613 velatum
739 2572 815 2612 nunc
837 2555 953 2630 aspicio

388 2635 457 2705 010,
480 2635 529 2693 fiat
549 2636 618 2694 illud
640 2636 719 2712 quod
739 2645 798 2693 tam
819 2636 900 2694 sitio:

387 2715 435 2785 Ut,
457 2726 485 2774 te
506 2716 628 2776 revelata
648 2735 768 2776 cernens
789 2717 869 2787 facie,

388 2797 461 2855 Visu
483 2799 537 2857 sim
557 2800 659 2858 beatus
679 2810 745 2859 tuae
766 2799 882 2875 gloriae·
