2408 3904
288 427 327 485 In
347 427 427 485 Farto
449 425 504 486 SS.
520 427 606 486 Petri
622 435 648 485 et
666 429 763 487 Pauli.
856 443 910 505 357

152 591 256 649 Petrus
278 593 376 649 beatus
398 603 562 649 catenarum
583 590 702 666 laqueos

151 672 271 732 Christo
290 674 407 749 jubente
428 674 502 747 rupit
522 672 686 730 mirabiliter

154 753 263 812 Custos
284 755 373 825 ovilis,
395 764 423 811 et
445 753 544 812 doctor
565 753 720 824 Ecclesiae,

152 835 313 911 Pastorque
334 836 437 910 gregis,
459 845 640 893 conservator
661 836 765 907 ovium,

154 917 243 975 Arcet
263 918 395 992 luporum
417 917 604 974 truculentam
625 917 742 976 rabiem.

155 1063 371 1140 Quodcumque
392 1064 491 1122 vinclis
513 1082 598 1139 super
618 1073 723 1122 terram
744 1066 884 1125 strinxerit

154 1145 218 1203 Erit
238 1148 267 1203 in
289 1147 369 1204 astris
390 1147 539 1221 religatum
560 1145 683 1217 fortiter3

154 1227 195 1284 Et
219 1228 298 1302 quod
318 1228 431 1286 resolvit
452 1229 482 1284 in
502 1227 581 1285 terris
603 1227 718 1285 arbitrio

155 1308 218 1386 Erit
239 1309 363 1367 solutum
385 1327 470 1383 super
491 1309 563 1366 coeli
584 1308 713 1379 radium;

157 1387 192 1446 ln
215 1391 271 1448 fine
292 1391 391 1448 mundi
411 1391 499 1465 judex
520 1389 572 1446 erit
594 1389 707 1451 saeculi.

156 1534 226 1592 Non
248 1535 339 1609 impar
360 1534 465 1591 Paulus
486 1533 561 1603 huic,
584 1533 683 1592 doctor
703 1537 839 1610 gentium,

158 1615 315 1673 Electionis
336 1615 475 1691 templum
497 1616 727 1686 sacratissimum,

159 1696 193 1753 In
215 1707 307 1755 morte
328 1714 455 1772 compar,
477 1698 506 1754 in
527 1715 633 1755 corona
654 1698 805 1773 particeps,

158 1779 256 1836 Ambo
277 1779 408 1836 lucernae
430 1789 457 1836 et
479 1778 566 1836 decus
588 1779 725 1836 ecclesiae

159 1858 194 1915 In
215 1860 285 1936 orbe
306 1861 382 1919 claro
403 1870 554 1918 coruscant
575 1860 740 1918 vibramine.

162 2007 190 2066 Ο
212 2008 308 2066 Roma
329 2005 404 2078 felix,
427 2026 501 2083 quae
523 2017 637 2065 tuorum
658 2009 818 2084 principum

161 2089 202 2147 Es
223 2095 377 2165 purpurata
397 2091 524 2165 pretioso
546 2091 693 2164 sanguine,

161 2170 284 2229 Excellis
304 2189 422 2229 omnem
443 2172 543 2228 mundi
565 2171 812 2246 pulchritudinem,

163 2251 231 2310 Non
251 2253 335 2310 laude
356 2263 405 2310 tua
426 2253 477 2310 sed
499 2263 662 2310 sanctorum
684 2253 799 2322 meritis,

164 2333 246 2404 Quos
267 2335 418 2392 cruentatis
437 2334 573 2409 jugulasti
594 2335 703 2409 gladiis.

164 2482 224 2540 Vos
246 2499 315 2556 ergo
335 2481 425 2538 modo
446 2481 562 2557 gloriosi
583 2493 729 2558 martyres

166 2564 246 2621 Petre
267 2563 359 2633 beate,
382 2563 469 2619 Paule
491 2563 591 2621 mundi
613 2563 709 2635 lilium,

166 2645 303 2703 Coelestis
325 2644 405 2702 aulae
426 2644 610 2719 triumphales
631 2646 743 2716 milites,

166 2727 298 2784 Precibus
320 2726 402 2783 almis
424 2726 522 2784 vestris
543 2744 597 2784 nos
618 2727 660 2783 ab*
676 2727 810 2785 omnibus

168 2807 276 2866 Munite
297 2807 387 2878 malis,
410 2806 479 2865 ferte
501 2826 586 2885 super
608 2808 729 2866 aethera.

168 2957 265 3016 Gloria
285 2954 351 3014 Deo
372 2974 422 3031 per
443 2957 585 3014 immensa
606 2957 734 3027 saecula;

168 3039 207 3098 Sit
227 3037 279 3097 tibi
300 3037 375 3095 Nate
398 3037 485 3096 decus
507 3049 534 3096 et
556 3039 716 3114 imperium,

168 3121 278 3190 Honor,
300 3128 434 3192 potestas,
456 3130 613 3195 sanctoque
635 3120 765 3195 Spiritui3

169 3202 208 3260 Sit
230 3200 364 3259 Trinitati
386 3201 460 3260 salus
482 3202 643 3259 individuae

167 3284 217 3341 Per
243 3283 354 3340 infinita
375 3285 553 3342 saeculorum
576 3283 696 3341 saecula.
