2478 3928
342 421 381 480 In
401 419 481 479 Festo
493 413 636 497 'Corporis
657 419 775 480 Christi.
905 441 957 478 101

238 583 326 642 Dedit
347 583 492 660 fragilibus
514 585 642 660 corporis
663 583 800 642 ferculum
811 603 819 655 ;

239 665 325 724 Dedit
346 677 375 724 et
395 667 520 725 tristibus
541 665 688 741 sanguinis
709 665 854 742 poculum,

240 746 365 807 Dicens:
390 749 521 824 Accipite
542 747 621 824 quod
641 748 724 806 trado
744 747 906 817 vasculum3

322 829 435 888 Omnes
457 849 493 887 ex
514 848 550 888 eo
570 829 667 887 bibite.

240 991 289 1050 Sic
311 992 481 1050 sacrificium
502 991 578 1050 istud
598 991 725 1062 instituit,

240 1073 332 1148 Cujus
353 1074 479 1132 officium
500 1073 640 1132 committi
660 1072 748 1130 voluit
770 1097 773 1112 =

243 1153 318 1212 Solis
338 1155 521 1230 Presbyteris,
542 1155 647 1231 quibus
668 1154 709 1212 sic
729 1156 860 1228 congruit

325 1235 366 1294 Ut
387 1246 510 1308 sumant,
532 1245 560 1294 et
581 1236 649 1294 dent
670 1235 778 1294 ceteris.

245 1398 330 1457 Panis
352 1400 498 1474 angelicus
518 1399 550 1457 fit
570 1399 653 1474 panis
674 1398 842 1456 hominum:

243 1479 303 1537 Dat
322 1481 406 1556 panis
427 1481 551 1539 coelicus
571 1480 670 1556 figuris
691 1479 860 1537 terminum:

244 1561 273 1618 O
294 1577 340 1619 res
360 1563 512 1621 mirabilis!
537 1562 692 1622 manducat
712 1561 880 1625 Dominum,

326 1643 446 1719 Pauper,
468 1661 573 1715 servus,
595 1653 623 1701 et
644 1643 767 1701 humilis.

245 1804 301 1870 Te,
322 1806 395 1864 trina
415 1805 523 1872 Deitas,
544 1824 668 1883 unaque,
689 1805 854 1882 poscimus;

245 1886 294 1945 Sic
315 1905 369 1946 nos
390 1897 421 1946 tu
439 1887 523 1946 visita
544 1888 616 1946 sicut
636 1897 664 1945 te
684 1887 823 1945 coiimus:

247 1967 302 2026 Per
321 1980 384 2028 tuas
404 1963 522 2028 ¹semitas
543 1970 600 2028 duc
620 1983 675 2027 nos
695 1987 755 2044 quo
775 1967 927 2030 tendimus.

327 2051 376 2109 Ad
395 2051 490 2108 lucem
511 2069 600 2128 quam
620 2050 770 2109 inhabitas

469 2403 515 2452 AD
535 2407 670 2453 LAUDES·

249 2609 379 2668 Verbum
400 2631 557 2688 supernum
577 2611 721 2688 prodiens,

247 2691 312 2750 Nec
334 2692 424 2752 Patris
445 2694 578 2770 linquens
599 2694 755 2757 dexteram,

249 2773 297 2831 Ad
319 2792 393 2849 opus
414 2767 499 2833 suum
520 2776 627 2845 exiens

249 2853 337 2912 Venit
357 2856 395 2914 ad
415 2857 489 2915 vitae
510 2869 669 2936 vesperam.

250 3015 284 3074 In
305 3028 429 3076 mortem
450 3035 468 3078 a
488 3019 628 3096 discipulo

257 3100 322 3158 Suis
343 3099 497 3160 tradendus
519 3102 646 3176 aemulis,

251 3182 332 3239 Prius
353 3182 383 3239 in
404 3183 477 3241 vitae
498 3182 606 3242 ferculo
652 3241 657 3264 Ι

251 3263 291 3321 Se
312 3263 427 3322 tradidit
448 3265 602 3341 discipulis.
