2430 3918
343 415 381 473 In
402 416 549 476 Domzaz'ca
570 416 723 476 Passionis.
897 433 932 492 7¹-

215 594 362 653 Obstetrix
383 598 495 672 penitus
510 598 610 656 lancea
629 598 762 673 perforat,

215 675 285 746 Quo
305 695 360 736 nos
379 679 522 753 parturiat,
543 690 643 754 pectus
665 681 804 738 amabile:

216 758 283 816 Hoc
305 776 379 833 quae
398 759 478 818 fonte
498 762 567 831 fluit,
589 779 643 818 nos
664 780 746 837 aqua,
761 780 815 820 nos
836 780 926 832 cruor,

298 839 393 911 Sanat,
415 841 522 913 liberat,
544 843 642 900 abluit.

216 1005 245 1064 Ο
266 1007 339 1063 vitae
360 1005 469 1075 latices
488 1006 580 1063 vivida
601 1005 737 1063 flumina!

216 1087 245 1145 Ο
267 1104 363 1146 sacros
384 1086 476 1144 aditus
498 1088 621 1162 pectoris
642 1087 751 1144 intimi!

185 1163 187 1170 ’
216 1168 244 1227 O
265 1178 362 1244 petrae
384 1168 491 1226 solidae
511 1179 571 1225 tuta
591 1167 746 1226 foramina!

298 1249 326 1308 Ο
347 1250 441 1308 cordis
462 1250 631 1325 penetralia!

217 1411 263 1470 Te
277 1414 301 1470 si
322 1421 426 1481 nostra,
448 1411 539 1482 Pater,
561 1413 680 1470 crimina
700 1423 864 1488 provocant,

218 1493 287 1551 Nati
308 1512 388 1550 sacra
407 1493 509 1550 lubens
529 1494 645 1552 vulnera
665 1495 783 1569 respice,

218 1574 295 1632 Cum
316 1585 412 1632 noster
432 1575 540 1633 laceras
560 1576 677 1651 objiciet
697 1576 752 1633 tuis

299 1655 393 1732 Judcx
414 1656 579 1714 fulminibus
599 1674 711 1714 manus.

217 1820 275 1877 Fac
297 1837 347 1895 per
368 1837 460 1888 saeva,
483 1817 573 1900 Pater,
595 1820 718 1890 vulnera,
740 1837 791 1894 per
810 1836 917 1882 cruces,

218 1901 265 1960 Sic
288 1910 401 1958 aeterna
421 1909 486 1957 tuos
507 1918 643 1975 quaerere
664 1901 776 1977 gaudia,

217 1982 257 2040 Ut
279 1999 346 2040 curn
367 1981 450 2039 Prole
470 1982 520 2038 tibi
539 1983 650 2058 jugiter,
673 1992 771 2040 actuo

301 2063 436 2121 Reddant
458 2061 573 2138 Spiritui
594 2062 691 2122 decus.

445 2306 611 2316 n———n--nn

257 2485 302 2542 IN
324 2484 534 2543 DOMINICA
555 2483 771 2544 PASSIONIS.

360 2632 462 2703 Quz'nla
487 2632 724 2708 derageninae.

356 2860 401 2902 AD
424 2858 541 2902 PRIMAS
564 2858 724 2902 VESPERAS.

260 3013 362 3070 Fando
383 3012 447 3086 quis
468 3011 581 3077 audivit,
603 3012 658 3070 Dei

260 3093 335 3166 Quis
356 3093 465 3169 grande
487 3094 562 3151 dicat
582 3093 751 3151 brachium?

261 3174 396 3233 Perculsa
415 3192 498 3233 mens
519 3175 739 3244 confunditurg.

264 3256 366 3332 Stupet
388 3256 467 3321 fides,
489 3274 544 3314 vox
566 3256 668 3314 deficit.
