2408 3904
268 408 325 477 382
460 402 498 459 In
519 401 669 462 Domiin'ca
690 404 719 458 in
740 403 860 460 Palmr's.

399 726 443 784 IN
465 726 676 798 DOMINICA
698 726 742 784 IN
764 725 944 784 PALMIS*.

269 957 376 1024 Gloria,
386 956 455 1024 lauS,
466 965 493 1012 et
502 954 595 1013 honor
606 923 657 1011 tibi
669 955 704 1012 sit
712 973 762 1012 rex
772 953 883 1013 Christe
894 952 1093 1028 redemptor:

310 1036 364 1094 Cui
385 1036 492 1110 puerile
514 1037 602 1094 decus
623 1037 765 1111 prompsit
787 1035 931 1094 Hosanna
951 1035 1048 1108 pium.

268 1199 356 1256 lsrael
378 1217 409 1254 es
430 1207 461 1254 tu
484 1198 557 1269 Rex,
579 1197 702 1256 Davidis
724 1209 752 1256 et
773 1198 877 1273 inclyta
897 1196 1012 1271 proles:

309 1281 436 1337 Nomine
458 1281 507 1354 qui
528 1280 647 1338 Domini
668 1299 718 1338 rex
739 1280 889 1338 benedicte
910 1279 997 1336 venis

269 1360 376 1430 Gloria,
398 1361 447 1418 (irc.

268 1524 376 1582 Coetus
397 1524 427 1580 in
448 1524 568 1582 excelsis
589 1535 617 1582 te
638 1524 734 1581 laudat
756 1524 879 1581 coelicus
900 1523 1004 1590 omnis

309 1605 346 1662 Et
367 1604 493 1662 mortalis
515 1605 611 1676 homo,
635 1616 662 1664 et
683 1615 786 1663 cuncta
807 1614 902 1661 creata
923 1603 1015 1661 simul.

269 1687 376 1756 Gloria,
398 1687 447 1743 lic.

268 1828 351 1907 Plebs
374 1848 509 1906 Hebraea
529 1849 580 1904 tibi
601 1867 667 1906 cum
688 1847 791 1923 palmis
812 1847 896 1905 obvia
917 1845 1008 1904 venit:

308 1930 384 1988 Cum
405 1948 500 2006 prece,
521 1939 596 2000 voto,
618 1930 741 2008 hymnis,
762 1929 900 1987 adsumus
921 1947 987 1986 ecce
1009 1930 1072 1986 tibi.

267 2012 374 2082 Gloria,
396 2013 445 2069 lic.
1184 2001 1185 2070 l

268 2175 308 2230 Hi
330 2175 380 2230 tibi
401 2191 521 2249 passuro
543 2173 691 2229 solvebant
710 2173 809 2230 munia
829 2173 935 2230 laudis:

308 2256 371 2312 Nos
392 2255 442 2311 tibi
463 2255 593 2329 regnanti
614 2255 767 2330 pangimus
788 2273 856 2312 ecce
876 2253 977 2312 melos.

268 2337 375 2406 Gloria,
397 2336 446 2392 tre.

268 2498 308 2554 Hi
329 2498 461 2572 placuere
485 2498 541 2569 tibi,
562 2500 674 2574 placeat
695 2498 809 2555 devotio
830 2508 943 2556 nostra:

266 2660 295 2718 G
307 2579 372 2636 Rex
381 2580 466 2650 bone,
477 2598 527 2638 rex
539 2581 673 2650 clemens,
684 2580 730 2638 cui
741 2580 818 2636 bona
829 2589 931 2637 cuncta
945 2580 1067 2654 placent.

295 2661 373 2730 loria,
395 2661 444 2718 lic.

462 2801 476 2827 *
486 2799 591 2860 Hymnus
608 2816 621 2846 e
638 2799 726 2846 Missali
744 2799 859 2845 Romano.
