2430 3918
577 409 732 467 Domtm'ca.

422 571 562 631 Coelestis
574 572 654 631 ,haec
675 574 768 631 vineat
789 574 858 632 tuba

422 653 526 712 Cordis
547 671 682 730 soporem
703 655 839 731 languidi,

423 735 556 811 Novique
577 754 672 794 mores
693 738 854 812 exprimant

422 816 520 875 Vitam
540 819 713 892 resurgentis
734 836 847 876 novam.

423 947 491 1006 Hoc
512 966 731 1024 consequemur,
752 959 780 1007 te
802 950 883 1019 duce,

423 1029 501 1088 Fons
522 1031 652 1101 caritatis,
674 1049 693 1088 o
714 1030 804 1101 Deus

423 1111 482 1183 Qui
502 1110 574 1186 legis
595 1112 677 1170 addis
698 1112 805 1170 litterae

423 1192 507 1251 Vitae
529 1192 658 1252 datorem
680 1193 825 1269 Spiritum.

423 1323 465 1381 Sit
486 1323 548 1382 laus
569 1323 653 1394 Patri,
675 1323 737 1383 laus
758 1323 846 1394 Filio;

424 1403 479 1461 Par
500 1405 536 1463 sit
556 1405 607 1463 tibi
628 1406 698 1476 laus,
720 1405 848 1482 Spiritus,

421 1485 546 1544 Afflante
567 1505 626 1563 quo
645 1497 758 1546 mentes
779 1488 866 1546 sacris

421 1567 533 1628 Lucent
553 1578 583 1627 et
603 1569 703 1627 ardent
723 1569 847 1644 ignibus.

556 1764 603 1805 AD
625 1763 760 1807 LAUDES.

424 1867 472 1925 Ad
493 1867 601 1942 templa
621 1885 676 1926 nos
696 1886 793 1926 rursus
814 1878 897 1927 vocat

423 1948 570 2023 Surgentis
588 1966 705 2008 aurorae
727 1949 808 2020 nitor,

423 2029 580 2104 Novasque
601 2048 654 2105 pro
675 2030 751 2089 laeto
770 2042 870 2090 monet

422 2111 540 2170 Referre
561 2122 656 2186 grates
676 2130 803 2172 munere.

422 2237 462 2295 At
482 2236 571 2294 victor
592 2254 724 2294 auroram
745 2256 799 2296 suo

424 2317 547 2394 Fulgore
569 2316 698 2376 Christus
719 2320 831 2378 obruit:

425 2399 511 2469 Huic,
532 2417 641 2475 magna
661 2401 743 2477 cujus
763 2420 830 2477 pars
851 2422 959 2478 sumus,

422 2480 507 2558 Juvat
527 2481 672 2558 triumpho
693 2482 836 2558 plaudere.

424 2611 514 2685 Quod
534 2613 664 2673 evolutus
684 2614 779 2674 fasciis

425 2693 557 2771 Repente
577 2697 703 2755 mundus
724 2698 822 2769 extitit,

423 2777 499 2835 Puro
519 2777 652 2836 renidens
674 2777 789 2849 lumine,

425 2858 543 2918 Virtutis
565 2859 621 2917 hoc
642 2870 766 2935 quantae
787 2860 857 2921 fuit!

424 2986 514 3060 Quod
534 2991 669 3048 traditum
690 2993 754 3050 neci
775 2987 866 3064 Pater,

423 3069 463 3130 Ut
484 3072 615 3130 sontibus
636 3073 723 3131 vitam
744 3073 832 3145 daret,

424 3151 509 3211 Vitae
529 3153 650 3212 redonat
672 3151 782 3226 Filium,

423 3235 539 3294 Amoris
560 3235 617 3294 hoc
638 3239 736 3313 quanti
756 3236 826 3296 fuit!
