2478 3928
260 405 394 477 96'

509 400 548 458 In
568 399 624 458 Die
643 401 815 488 pentecostes.

341 565 523 640 Cor'npuncta
544 565 653 638 passim
674 575 791 640 pectora
812 567 925 626 fletibus

341 647 475 704 Moerent
496 646 608 716 amaris,
630 657 716 722 atque
738 649 850 723 piaculo

339 728 449 785 Ardent
471 727 599 785 salutaris
620 727 723 785 lavacri

339 809 506 867 Praeteritas
528 808 643 866 abolere
664 809 751 872 labes,

339 973 378 1028 At
399 989 458 1029 non
481 969 624 1028 Hebraeis
646 971 781 1030 limitibus
804 992 883 1031 sacer

341 1052 480 1110 Haerebit
502 1053 593 1110 ardor.
638 1052 686 1111 Sol
708 1052 876 1113 habitabiles

341 1134 407 1205 Qua
428 1134 527 1191 lustrat
548 1151 621 1203 oras,
643 1134 697 1192 hac
718 1136 869 1212 triumphis

338 1216 474 1274 Materies
495 1224 573 1290 patet
594 1216 691 1291 ampla
710 1219 818 1275 vestris.

338 1379 404 1455 Jam
425 1378 502 1436 mille
524 1377 621 1435 divum
643 1380 750 1454 templa
771 1380 834 1438 solo
856 1391 954 1437 ruunt:

338 1460 423 1518 Cedit
445 1459 584 1535 superbae
606 1459 647 1517 vis
670 1462 835 1536 sapientiae,

339 1541 454 1600 Cedunt
475 1541 595 1615 tyranni,
618 1542 691 1599 victa
712 1545 788 1602 cedit

338 1623 512 1681 Carnificum
532 1621 626 1682 rabies
647 1622 798 1682 furentum.

339 1786 455 1843 Novum
476 1789 601 1862 potentis
622 1787 711 1861 gratia
734 1786 854 1862 Spiritus

338 1867 450 1925 Creavit
471 1869 588 1927 orbem:
617 1887 671 1927 nos
693 1886 817 1944 quoque,
839 1886 893 1926 nos
914 1879 978 1926 tuae

339 1949 501 2007 Succendat
522 1950 606 2008 ardor
627 1950 757 2020 caritatis,

338 2031 423 2088 Alme
445 2030 534 2103 Deus,
556 2041 730 2107 renovetque
752 2041 835 2089 totos

338 2192 414 2250 Laus
436 2211 549 2251 summa
571 2193 653 2263 Patri,
676 2212 846 2271 summaque
869 2194 955 2262 Fili0;

339 2273 387 2343 Sit,
410 2285 516 2344 sancte,
539 2293 657 2351 compar
678 2275 739 2333 laus
761 2276 821 2345 tibi,
844 2274 972 2352 Spiritus,

336 2354 405 2426 Quo
427 2356 483 2413 dua
504 2358 664 2427 mitescunt,
687 2375 833 2433 novasque

337 2435 510 2512 Concipiunt
531 2439 579 2514 pia
600 2439 687 2498 corda
708 2438 847 2497 flammas

489 2761 535 2805 AD
552 2760 820 2808 coMPLE‘rORIUM.

417 2962 505 3028 Adsis
527 2980 649 3037 superne
673 2962 800 3039 Spiritus,

417 3043 499 3100 Pater
520 3043 645 3118 benigne
666 3063 843 3120 pauperum:

421 3123 548 3200 Sinuque
570 3125 673 3184 fundas
694 3126 775 3183 uberi

417 3205 563 3267 Promissa
583 3208 663 3266 terris
685 3226 812 3268 munera.
