2456 3904
254 411 312 482 284
420 408 460 466 In
478 391 561 467 Festo
580 401 638 468 SS.
652 402 738 466 Pelrr'
754 413 780 466 el
797 409 894 468 Pauli.

335 570 416 627 Serta
435 579 478 626 ter
499 568 580 628 denis
601 567 672 627 alios
693 577 833 626 coronant

333 652 428 709 Aucta
448 649 608 721 crementis,
630 649 774 725 duplicata
794 648 953 724 quosdam;

298 725 305 732 ⁸
334 731 425 790 Trina
445 742 473 790 te
494 731 587 792 fructu
607 731 751 789 cumulata
772 741 888 788 centum

415 813 547 874 Nexibus
567 813 700 872 omant.*

335 975 484 1036 Laudibus
506 975 582 1035 cives
603 971 748 1033 celebrent
770 974 895 1050 superni,

334 1056 379 1115 Te
400 1057 482 1115 Deus
503 1055 634 1132 simplex,
655 1056 820 1132 pariterque
841 1055 934 1125 trine,'

334 1138 484 1216 Supplices
503 1147 533 1197 et
554 1156 609 1198 nos
632 1139 746 1197 veniam
766 1155 938 1214 precamur:

414 1218 504 1278 Parce
524 1217 688 1298 redemptis

555 1399 752 1407 *—

345 1490 390 1565 nt
413 1507 547 1567 rssro
570 1507 620 1567 ss.
643 1504 958 1567 nrosrononun

474 1628 599 1688 parur
619 1628 675 1687 ET
697 1628 829 1688 PAULI.

537 1831 583 1874 AD
605 1829 766 1874 VESPERAS·

332 1972 448 2030 Decora
468 1970 518 2028 lux
538 1970 730 2041 Aeternitatis
753 1984 869 2029 auream

333 2053 420 2111 Diem
441 2052 532 2110 beatis
553 2051 676 2127 irrigavit
697 2050 822 2127 ignibus,

333 2133 542 2211 Apostolorum
563 2151 637 2208 quae
659 2142 778 2192 coronat
798 2135 951 2210 principes

333 2217 462 2291 Reisque
482 2215 513 2272 in
534 2215 749 2274 astraliberam
770 2215 870 2291 pandit
891 2215 975 2274 viam.
1050 2216 1055 2232 ¹

334 2378 438 2435 Mundi
458 2377 603 2453 magister,
625 2387 713 2453 atque
733 2378 807 2436 coeli
822 2379 943 2455 janitor,

334 2460 447 2518 Rornae
468 2469 610 2535 parentes,
631 2459 785 2535 arbitrique
807 2459 947 2535 gentium,

333 2541 388 2599 Per
409 2542 486 2600 ensis
507 2541 562 2613 ille,
583 2540 630 2600 hic
650 2559 702 2617 per
723 2541 815 2600 crucis
837 2542 927 2600 victor
948 2557 1052 2600 necem

332 2623 416 2682 Vitae
438 2632 569 2681 senatum
590 2622 886 2698 laureatipossident.

386 2757 401 2785 *
413 2753 478 2799 Nunc
493 2762 570 2815 potens
586 2753 651 2800 nostri
667 2751 749 2799 meritis
764 2753 843 2812 opimis

409 2819 504 2865 Pectoris
514 2817 577 2865 duros
592 2818 673 2879 lapides
684 2817 769 2870 revelle,

409 2885 517 2944 Asperum
533 2883 620 2943 planans
636 2883 685 2937 iter,
701 2890 724 2928 et
739 2881 830 2928 reflexos

475 2948 552 3012 ningo
567 2948 636 2994 mre.

409 3081 441 3126 Ut
456 3079 504 3140 pius
519 3078 596 3126 mundi
612 3077 673 3125 Sator
688 3087 711 3124 et
727 3078 872 3140 Redemptor.

409 3145 520 3193 Mentibus
536 3145 610 3206 cupae
626 3144 673 3192 sine
689 3145 737 3192 labe
753 3145 817 3206 puris,

409 3213 462 3261 Rite
477 3212 578 3275 dignetur
593 3211 682 3258 veniens
697 3211 770 3258 beros

475 3278 560 3325 Ponere
576 3291 664 3342 gressu.
