2514 3934
283 397 338 454 190
571 360 716 448 Abbatum,
738 385 782 436 etc.
874 375 877 388 '

253 613 254 616 Ἴ
318 544 458 600 Aeternas
479 550 510 598 ut
522 558 609 616 ¹opes,
632 551 765 617 certaque
785 542 890 616 gaudia

320 623 417 682 Securi
438 624 557 698 rapiant,
579 623 677 680 omnia
697 622 805 681 ludicra

400 704 478 762 Sano
500 713 615 781 pectore
635 713 774 774 temnunt,

399 785 509 844 Confisi
529 786 703 844 melioribus.

317 934 376 991 Illis
398 951 512 992 summa
532 932 584 991 fuit
599 932 703 1008 gloria,
725 932 850 1008 despici3

318 1015 377 1073 Illis
398 1015 519 1085 divitiae,
540 1016 707 1090 pauperiem
728 1015 802 1090 pati;

399 1096 458 1154 Illis
479 1112 593 1154 summa
613 1095 752 1171 voluptas,

398 1177 502 1254 Longo
524 1177 663 1254 supplicio
684 1178 765 1235 mori.

316 1324 373 1382 Fac
395 1343 457 1394 nos
479 1342 592 1383 summe
612 1322 702 1393 Deus,
724 1341 798 1398 quae
819 1323 942 1398 patimur
963 1327 1039 1384 mala

317 1406 352 1462 In
372 1425 498 1482 poenam
520 1405 659 1464 scelerum
680 1404 752 1462 ferre
774 1404 923 1475 libentius;

397 1488 435 1545 Et
456 1487 554 1545 tellure
574 1486 678 1556 relicta,

398 1569 574 1627 Immortalia
595 1586 738 1643 quaerere.

315 1716 456 1773 Aeternus
477 1716 513 1773 sit
534 1714 627 1772 honos
649 1714 776 1789 ingenito
798 1712 873 1771 Patri
884 1733 892 1784 ;

317 1796 358 1854 Sit
378 1815 430 1873 par
451 1797 592 1872 unigenae
614 1795 704 1870 gloria
724 1795 815 1852 Filio:

398 1878 475 1936 Sacri
496 1896 588 1936 nexus
609 1878 723 1948 amoris,
830 1923 833 1933 .

396 1959 473 2017 Laus
494 1977 613 2035 compar
633 1960 693 2029 tibi,
715 1958 843 2034 Spiritus.

574 2239 619 2282 AD
648 2238 786 2283 LAUDES.

554 2407 615 2466 Pro
638 2407 788 2467 Coenobita.

315 2554 342 2614 Ο
364 2553 496 2630 pulchras
518 2552 601 2623 acies,
624 2559 772 2627 castraque
794 2551 885 2624 fortia,

315 2636 398 2708 Quae
420 2653 495 2711 spes
516 2653 574 2692 una
594 2634 675 2704 fides,
696 2651 770 2691 unus
792 2651 872 2692 amor
893 2634 982 2710 regit!

396 2715 507 2775 Omnes
528 2716 591 2790 lege
613 2716 666 2774 sub
687 2733 753 2784 una,

394 2797 462 2856 Uno
484 2799 538 2855 sub
559 2797 632 2855 duce
653 2795 780 2854 militant.

315 2961 401 3020 Heu!
423 2961 536 3036 quantis
557 2960 670 3035 rapiunt
690 2965 766 3039 astra
787 2959 949 3017 laboribus!

313 3045 421 3101 Pusant
442 3042 586 3118 perpetuis
608 3039 755 3115 questibus
776 3039 898 3109 aethera,

395 3125 448 3182 Per
467 3123 575 3199 jejunia
595 3122 683 3196 longa

382 3205 477 3264 ‘Vires
498 3204 626 3281 corporis
647 3212 775 3261 atterunt.
