2514 3934
493 449 494 454 ,
512 399 664 475 Virginum.

262 551 337 608 Patri
357 549 484 607 maxima
504 549 574 618 laus,
596 547 723 606 maxima
744 547 824 618 Filio,

262 634 481 706 Amborumque
502 648 584 688 sacro
605 630 696 704 gloria
716 629 846 700 Flamini,

262 714 353 790 Cujus
373 712 517 788 praesidio
538 712 645 787 praelia
666 711 815 782 sustinent,

342 795 444 870 Spreto
464 793 571 863 funere,
593 793 736 868 Virgines

436 1139 497 1196 Pro
518 1159 570 1196 non
591 1137 729 1212 Marpre.

263 1369 325 1425 Vos
348 1367 376 1425 O
397 1367 515 1442 virginei
536 1386 603 1425 curn
624 1367 738 1426 citharis
759 1367 846 1438 chori,

262 1449 339 1525 Agni
361 1448 487 1518 deliciae,
509 1467 575 1523 pars
596 1450 692 1524 gregis
713 1450 830 1524 optima,

263 1531 409 1606 Sponsum
430 1530 557 1604 virgineo
578 1531 761 1605 progenitum
783 1531 847 1588 sinu

344 1611 425 1670 Puris
445 1611 533 1669 tollite
554 1611 693 1670 laudibus.

263 1775 346 1833 Haec
367 1785 411 1833 est
432 1793 513 1833 sacra
534 1774 603 1846 dies,
625 1775 709 1831 obvia
730 1792 788 1849 qua
809 1791 862 1831 suo

261 1856 338 1914 Cum
359 1856 444 1932 plena
465 1856 581 1914 rutilans
602 1855 735 1930 lampade
755 1855 883 1931 jungitur
960 1897 966 1903 -

263 1939 386 2014 Spons0,
402 1948 538 2013 stansque
552 1937 656 1996 throno
670 1937 802 2013 proxima
816 1938 941 1995 concinit

342 2019 434 2095 Virgo
454 2019 564 2078 cantica
585 2019 705 2096 Virgini.
812 2081 815 2102 Ι

264 2183 332 2242 Solo
354 2183 442 2258 digna
462 2181 529 2240 Deo
549 2183 682 2258 conjuge,
703 2182 811 2256 respuit

262 2264 400 2323 Mortales
421 2263 578 2322 thalamos:
601 2273 633 2321 ut
654 2263 743 2321 semel
763 2263 872 2339 obligat

264 2346 333 2404 Sese
354 2345 412 2403 fida
433 2363 495 2415 su0,
517 2363 605 2420 quem
625 2346 700 2402 bene
722 2344 839 2419 deperit,

343 2427 426 2485 Ultro
448 2445 480 2485 se
501 2426 581 2485 Deus
602 2427 718 2501 obligat.

264 2590 370 2646 Purum
391 2607 428 2646 ne
449 2588 594 2646 maculent
615 2599 714 2663 pectus
736 2588 884 2663 imagines,

263 2672 297 2727 ln
319 2689 350 2728 se
371 2681 432 2728 tota
454 2671 497 2728 sui
519 2671 647 2744 corporis
668 2671 821 2727 immemor

265 2752 350 2810 Mens
373 2771 435 2810 sese
456 2752 574 2826 recipit;
600 2752 639 2809 nil
661 2752 735 2810 oculi
757 2751 860 2819 vident,

346 2833 444 2892 Surdis
465 2834 504 2890 nil
526 2842 608 2892 sonat
629 2833 752 2891 auribus.

263 2998 362 3069 Aegro
383 2997 429 3052 vix
452 3014 504 3053 sua
525 3006 591 3054 sunt
612 2995 717 3071 pabula
738 2995 860 3070 corpori,

263 3076 353 3134 Ardet
373 3077 450 3134 mille
471 3077 566 3135 modis
588 3087 653 3135 ante
675 3077 752 3135 diem
772 3076 862 3134 mori:

264 3157 414 3233 Quidquid
427 3177 506 3216 mors
520 3159 617 3234 rapiet,
630 3160 691 3235 jam
706 3159 759 3217 sibi
774 3152 922 3233 praeripit;

344 3238 428 3297 Unus
450 3240 481 3297 fit
501 3239 582 3298 Deus
604 3242 709 3298 omnia.
