2478 3928
316 443 318 448 .
421 393 519 455 Noni).
541 393 574 454 S.
587 393 717 470 Joanm's.
911 413 967 469 125

252 557 311 633 Qui
332 568 407 616 creat
428 559 576 624 mundum,
599 558 635 616 sit
655 557 748 618 honos
770 558 898 617 Parenti:

250 639 327 698 Laus
348 640 398 697 tibi
418 658 545 716 compar,
567 639 726 714 Reparator
746 641 839 700 orbis:

250 721 369 797 Aequus
390 722 542 780 ambomm
563 721 598 780 sit
618 721 711 780 honos
732 740 783 798 per
803 740 890 782 omne

332 802 464 880 Tempus
484 803 594 862 Amori.

470 1168 515 1211 nn
536 1149 669 1214 cnonas.

249 1369 334 1428 Nunc
355 1372 414 1429 suis
434 1372 551 1430 tandem
571 1391 663 1432 novus
684 1392 700 1432 e
721 1373 836 1432 latebris

248 1451 345 1510 Prodit
365 1452 451 1524 Elias,
472 1454 643 1531 populisque
655 1454 810 1513 Christum

248 1531 368 1603 Clamat,
390 1536 567 1610 exprobrans
589 1556 642 1596 sua
661 1537 805 1612 viperinae

326 1614 455 1674 Crimina
474 1617 557 1694 proli.

247 1776 292 1833 En
313 1777 393 1837 Deus
412 1779 508 1855 judex,
529 1779 610 1838 Deus
631 1798 668 1836 en
688 1781 861 1857 propinquat

247 1857 394 1918 Ventilans
416 1860 528 1936 fruges':
554 1862 664 1936 superis
685 1862 821 1920 recondet

247 1939 385 1998 Triticum
406 1942 491 2008 cellis,
513 1943 667 2019 paleasque
688 1943 766 2002 diros

328 2021 437 2081 Tradet
457 2024 487 2080 in
507 2026 598 2099 ignes.

247 2181 342 2259 Hujus
363 2185 493 2257 adventu,
515 2187 639 2262 rigidum
660 2188 774 2262 superbi

246 2262 415 2339 Deprimant
435 2279 549 2327 montes
571 2271 672 2344 caput}
695 2270 839 2344 erigantur

245 2344 369 2406 Valliurn
389 2351 497 2423 passim
519 2367 603 2408 cava:
627 2351 802 2426 corrigantur

336 2430 425 2489 Prava
445 2432 562 2490 viarum.

245 2594 348 2652 Sancte
367 2611 543 2669 praecursor,
565 2594 630 2654 date
651 2611 757 2669 praeco
777 2594 856 2663 lucis,

244 2675 355 2734 Excitet
377 2693 480 2734 somno
501 2686 550 2733 tua
570 2694 625 2734 vox
641 2677 766 2745 inertes3

243 2756 284 2814 Ut
304 2775 404 2832 graves
425 2758 493 2815 olim
515 2758 657 2833 fugiamus
678 2758 756 2832 Agni

324 2838 452 2897 Vindicis
473 2839 537 2898 iras.

243 3001 363 3058 Summa
383 3002 444 3060 laus
466 3000 549 3071 Patri,
571 3001 725 3076 genitoque
747 2999 861 3058 Verbo:

242 3083 363 3158 Aequus
384 3083 535 3140 amborum
557 3083 592 3141 sit
613 3081 706 3140 honos
727 3082 836 3146 Amori,

242 3162 300 3234 Qui
322 3183 434 3222 sacmm
456 3163 561 3222 Christi
581 3164 709 3240 pugilem
729 3171 861 3239 potenter

322 3245 413 3322 Ungit
433 3255 462 3304 et
482 3256 581 3304 armat.
