2514 3934
603 439 786 518 Doxologiae.
864 497 868 506 ,

448 621 484 665 IN
507 618 603 666 Fts‘ro
624 619 775 664 CORPORIS
797 617 939 663 CHRISTI.

414 727 474 799 Qui
495 743 582 784 came
602 743 657 784 nos
677 726 773 800 pascis
794 735 851 796 tua,
878 741 883 752 ·

418 809 460 867 Sit
481 808 543 866 laus
563 807 623 878 tibi,
646 806 751 866 Pastor
773 805 860 877 bone,

418 890 496 949 Cum
518 888 611 958 Patre,
633 905 759 964 cumque
783 887 898 964 Spiritu,

416 969 451 1028 In
472 970 647 1046 sempiterna
667 969 772 1028 secula„

623 1111 775 1122 --.---—·—¹

421 1200 458 1244 IN
480 1195 813 1245 TRANSFIGURATIONE
836 1196 969 1241 DOM1N1.

415 1306 482 1377 Qui,
505 1303 582 1362 nube
602 1311 692 1378 rupta,
714 1311 743 1359 te
764 1301 860 1378 palam

416 1384 526 1446 Natum
546 1385 665 1455 vocavit,
687 1381 749 1441 laus
770 1382 864 1454 Pat1i;

417 1467 543 1544 Tibique
565 1463 660 1537 Ναῖος
682 1483 736 1522 nec
757 1465 852 1522 minor

417 1548 494 1608 Laus
515 1550 662 1625 utriusque
683 1545 814 1604 Flamini.

618 1693 772 1702 ——-———

389 1755 444 1824 'nt
466 1779 676 1825 susctmotts
697 1777 844 1822 siseris
866 1774 990 1821 caucis.

419 1885 478 1957 Qui
499 1903 550 1962 per
570 1903 685 1943 crucem
706 1902 761 1942 nos
781 1881 892 1948 liberas,

419 1968 480 2033 Fili,
501 1967 553 2025 tibi
574 1967 636 2026 laus
656 1967 783 2024 maxima

420 2048 495 2107 Cum
518 2048 618 2106 Patre:
640 2065 694 2106 nec
714 2048 766 2105 tibi
786 2047 881 2105 minor

418 2127 504 2195 Laus,
526 2130 673 2204 utriusque
695 2127 824 2204 Spiritus.

620 2269 773 2279 —-—---

578 2350 614 2395 IN
637 2346 813 2394 APOSTOLIS·

419 2453 477 2513 Uni
499 2456 535 2514 sit
557 2464 586 2513 et
606 2454 681 2512 tn'no
701 2452 767 2513 Deo

421 2536 562 2613 Suprema
581 2536 652 2605 laus,
675 2551 821 2594 summum
842 2533 940 2605 decus,

420 2615 466 2677 De
486 2629 572 2677 nocte
593 2617 643 2694 qui
665 2635 721 2676 nos
741 2618 779 2676 ad
800 2633 869 2675 suae

421 2696 535 2758 Lumen
556 2702 666 2759 vocavit
687 2699 803 2774 gloriae.

548 2935 585 2978 IN
607 2933 848 2979 EVANGELISTIS.

422 3039 501 3100 Fons
523 3040 686 3106 sanctitatis,
707 3057 727 3098 0
747 3037 836 3106 Deus,

423 3124 549 3183 Aeterna
570 3122 742 3181 Sanctorum
762 3121 852 3198 quies,

422 3203 467 3262 Te
489 3205 584 3264 laudet
604 3205 699 3264 omnis
721 3203 843 3280 spiritus,

422 3285 507 3345 Nunc
529 3297 558 3346 et
578 3305 629 3363 per
649 3303 737 3346 omne
758 3286 895 3344 seculum.
