2430 3918
270 435 309 486 40
498 411 536 470 In
556 411 638 470 Festo
658 411 690 472 S.
705 412 836 490 Joarmti.

309 577 351 633 Sit
371 575 433 633 laus
454 589 567 633 summa
588 575 673 648 Patri,
694 595 866 653 summaque
887 576 960 636 Filio
971 599 980 650 ;

309 657 350 732 Sit
371 675 431 733 par,
452 667 558 728 sancte,
579 658 630 715 tibi
650 657 750 734 gloria,
773 659 910 735 Spiritus:

309 735 392 797 Haec
413 748 456 796 est
477 749 554 797 certa
574 739 654 810 fides,
676 739 804 799 fontibus
825 760 842 800 e
863 742 919 799 tuis

389 817 488 906 Quam
508 821 641 879 divinims
661 820 818 880 hausimus.

561 1223 606 1265 AD
627 1222 762 1268 LAUDFS.

181 1379 189 1392 “
311 1376 408 1447 Quem
429 1395 496 1446 nox,
513 1394 601 1451 quem
622 1377 766 1447 tenebrae,
783 1377 932 1454 densaque
951 1380 1059 1451 nubila,

311 1457 491 1516 Circumfusa
510 1467 610 1533 tegunt
630 1459 739 1516 lumine
761 1459 952 1535 splendidum,

310 1540 444 1598 Imbelles
465 1539 565 1597 oculos
585 1540 713 1598 terrificis
734 1538 816 1598 Deus

392 1620 438 1679 Ne
459 1621 616 1696 fulgoribus
637 1622 747 1680 obruat.

312 1784 340 1843 O
362 1785 463 1843 dilecte
484 1782 558 1854 De0,
579 1801 668 1859 quam
688 1783 739 1841 tibi
760 1782 871 1854 clariuS,

310 1867 389 1924 Dum
410 1876 441 1924 tu
462 1865 531 1923 vivis
553 1865 655 1935 adhuc,
678 1883 709 1922 se
730 1865 809 1923 dedit
830 1867 939 1941 aspici!

277 1977 280 1986 ·
312 1949 360 2006 Tu
381 1946 574 2022 secreta-Dei,
595 1947 700 2006 mentis
720 1956 749 2004 et
769 1947 886 2005 intimae

393 2027 517 2086 Rimaris
538 2029 700 2104 penetralia.

312 2191 374 2250 Ceu
395 2192 498 2267 pennis
518 2191 638 2267 aquilae,
659 2200 756 2266 raptus
781 2191 811 2247 in
832 2191 948 2249 aethera

312 2272 434 2331 Coelum
455 2283 551 2331 mente
572 2273 654 2348 petis,
676 2271 769 2329 sidera
789 2273 964 2342 transvolas;

312 2355 361 2412 Nil
382 2356 497 2412 obstant
517 2354 591 2412 rutili
612 2353 724 2429 fulgura
744 2353 868 2423 luminis,

391 2435 480 2495 Nudo
502 2435 628 2493 Numine
652 2435 785 2511 pasceris.

311 2602 438 2657 Aetemo
458 2599 588 2673 genitum
609 2598 645 2655 de
668 2595 750 2655 Patre
772 2597 885 2668 Filium,

311 2681 438 2756 Dempta
458 2680 543 2750 nube,
564 2679 652 2749 vides,
672 2697 746 2754 eque
767 2678 833 2737 Deo
854 2679 950 2738 Deum

254 2771 259 2786 '
312 2761 504 2820 Descendisse
526 2779 622 2819 sacros
643 2760 681 2818 de
701 2761 793 2836 patrio
815 2761 879 2818 sinu

394 2842 498 2901 Castae
516 2842 642 2918 Virginis
664 2842 693 2898 in
715 2842 802 2900 sinus.

312 3009 347 3065 ln
368 3024 422 3065 nos
444 3005 500 3064 hoc
521 3005 612 3081 potuit
633 3014 728 3062 tantus
748 3022 830 3062 amor
851 3004 924 3064 Dei!

313 3090 410 3148 Terris
431 3089 493 3163 ipse
514 3087 557 3145 sui
578 3087 703 3144 numinis
724 3085 885 3156 immemor,

312 3171 405 3230 Nobis
427 3169 517 3228 factus
538 3167 636 3238 homn,
658 3185 689 3226 se
710 3166 777 3225 lacit
798 3168 920 3238 exulem,

392 3251 433 3310 Ut
454 3250 536 3310 coelo
557 3249 649 3308 trahat
668 3249 775 3308 exules.
