2478 3928
264 414 319 468 128
501 408 557 470 SS.
578 408 663 467 Petri
679 417 704 467 et
722 406 817 468 Pauli.

301 572 363 630 Vos
384 590 454 648 ergo
475 573 547 631 votis
568 572 730 648 supplicum
751 573 926 631 solemnibus

299 654 423 713 Adeste:
448 655 535 729 lapsis
556 654 704 729 impetrate
724 656 861 729 gratiam3

299 735 339 794 Ut
361 735 526 810 Christianis
548 753 734 812 assequamur
755 736 891 801 moribus,

299 816 383 888 Quae
403 827 502 876 sancta
521 817 631 878 mundo
651 817 804 876 tradidistis
825 817 969 892 dogmata.

300 980 342 1036 Sit
363 980 536 1054 sempiterno
558 979 731 1053 sempiterna
751 979 813 1038 laus
835 979 926 1037 Patri:

300 1061 382 1120 Petro
404 1079 545 1136 supernus
566 1078 654 1137 quem
675 1061 807 1118 revelavit
827 1059 918 1126 Pater,

298 1143 422 1200 Aeterne
443 1141 504 1212 Fili,
525 1142 586 1200 laus
607 1141 659 1198 tibi
679 1141 715 1200 sit
736 1142 878 1200 maxima:

299 1223 341 1280 Sit
361 1241 413 1298 par
434 1241 569 1298 supremo
589 1222 651 1282 laus
673 1223 818 1300 decusque
839 1224 969 1282 Flamini.

487 1573 532 1618 AD
553 1572 705 1618 OFFICIUM
728 1573 822 1618 NOCT.

337 1779 415 1838 Orbe
436 1796 512 1835 nunc
533 1787 593 1836 toto
615 1778 790 1836 celebrentur
811 1779 897 1836 ambo

337 1861 489 1935 Principes
512 1859 590 1917 orbis
612 1859 805 1936 decusatque
826 1859 932 1930 lumen,

337 1942 416 2000 Mille
437 1942 486 2018 qui
506 1940 621 1999 Christo
642 1959 778 2017 peperere
799 1941 876 1999 verbi

418 2022 532 2081 Semine
553 2032 661 2097 gentes·

335 2187 442 2244 Auctor
463 2184 586 2259 incoepti
607 2183 703 2242 Deus:
733 2184 778 2242 ille
799 2194 886 2244 terras

336 2267 477 2336 IncolenS,
498 2267 604 2341 primas
624 2266 683 2336 tibi,
705 2265 795 2337 Petis,
818 2266 923 2334 defert;

335 2348 416 2406 Mox.
428 2357 510 2406 vocat
531 2346 661 2416 Paulum,
683 2366 797 2423 seperas
817 2366 962 2423 regressus

414 2428 513 2486 Victor
533 2429 570 2494 ad
592 2446 679 2488 arces

334 2593 412 2649 Alter
433 2591 539 2648 aeterni
560 2589 650 2648 Patris
671 2591 795 2649 eruditur

333 2673 414 2730 Voce
436 2673 567 2748 delapsa:
597 2690 682 2748 super
703 2683 777 2732 astra
797 2682 894 2748 raptus

332 2754 412 2811 Alter
433 2771 552 2824 arcanae
573 2772 654 2812 sacra
674 2755 796 2814 veritatis

412 2834 542 2900 Flumina
562 2844 651 2910 potat.

332 2995 449 3067 Quanta
469 2997 522 3054 sub
544 2998 590 3055 vili
611 2997 699 3056 latitat
719 3007 847 3074 potestas

332 3077 480 3154 Corporel
510 3078 637 3141 infirmos
658 3090 708 3137 tua
729 3090 809 3138 sanat
830 3080 940 3148 umbra,

332 3159 431 3218 Petre:
460 3159 577 3218 lethales
598 3171 655 3233 tua,
676 3161 772 3234 Paule,
793 3162 900 3240 pellunt

409 3241 510 3308 Lintea
530 3243 657 3304 morbos.
