2430 3918
292 412 330 468 50

511 396 549 455 In
570 397 732 474 Epapham'o
752 396 876 484 Domina

372 559 430 631 Qui
451 561 516 620 sons
537 561 652 619 luminis
673 572 724 631 est,
746 561 837 636 gloria
858 560 951 619 Patri:

372 640 431 712 Qui
451 644 525 700 miro
546 660 657 701 recreas
679 643 787 700 lumine
808 653 918 718 gentes,
1000 664 1012 686 κ

372 724 510 800 Aequalis
531 724 582 782 tibi
604 725 640 782 sit
660 725 759 800 gloria,
781 723 874 782 Nate:

376 808 537 867 Amborum
559 806 657 866 similis
679 806 740 866 laus
761 807 796 864 sit
817 806 926 866 Amori.

573 1164 619 1206 AD
643 1163 806 1210 VESPERAS.

370 1369 438 1427 Huc
459 1386 519 1438 vos,
540 1385 559 1425 o
580 1368 692 1426 miseri:
715 1369 801 1427 surda
821 1368 970 1443 relinquite

370 1450 454 1523 Quae
475 1450 553 1508 caeci
574 1451 674 1520 colitis,
696 1461 833 1526 mutaque
854 1451 990 1509 numina:

372 1532 408 1591 Se
430 1533 512 1590 vobis
534 1533 624 1607 aperit
645 1532 796 1608 splendida
817 1533 923 1602 civitas,

452 1613 522 1671 Veri
543 1613 679 1671 Numinis
700 1613 822 1690 hospita,

369 1777 416 1834 En
437 1785 546 1834 vestrae
567 1788 705 1852 praeeunt
726 1777 866 1852 primitiae
888 1775 988 1851 Magi:

369 1859 477 1917 Vatum
498 1858 574 1917 dicta
594 1868 710 1934 patent:
733 1859 892 1916 exitialibus

368 1940 505 1998 Errorum
525 1941 651 1998 tenebris
671 1940 765 1999 obsita
785 1959 858 2015 gens
880 1940 938 2010 diu,

452 2021 529 2080 Miro
552 2023 660 2082 lumine
682 2022 831 2097 spargitur.

369 2184 468 2244 Ambo
489 2185 530 2242 sic
551 2185 660 2261 populi,
682 2184 870 2243 dissociabilis

370 2265 454 2337 Quos
476 2266 587 2326 dudum
608 2267 702 2342 paries
723 2276 844 2341 separat,
865 2267 983 2324 unicum

370 2348 405 2406 In
426 2366 531 2423 corpus
553 2358 666 2407 coeunt.
709 2348 777 2405 Hoc
798 2349 946 2424 proprium
968 2352 1059 2408 modo

450 2431 604 2488 Ambobus
625 2440 740 2488 maneat
761 2428 866 2487 deeusl

369 2592 396 2651 O
418 2610 522 2651 aroana
542 2592 598 2650 Dei
620 2593 753 2651 consilia!
780 2612 799 2651 o
820 2604 870 2652 tuo

368 2674 527 2732 Deturbata
547 2675 647 2748 gradu,
669 2675 778 2750 primus
799 2693 880 2733 arnor
901 2673 966 2744 Dei,

369 2755 453 2813 Plebs
474 2754 601 2831 Judaea!
627 2757 683 2815 tuis
703 2756 794 2832 gloria
814 2758 942 2833 gentium

448 2836 579 2908 Damnis,
601 2838 714 2913 vitaque
736 2840 868 2898 nascitur.

366 2999 433 3076 Jarn
455 3000 550 3057 nativa
570 3000 651 3058 oleae
672 3000 789 3059 brachia
810 3001 953 3070 decidunt,

368 3081 454 3138 Rami
476 3081 642 3155 degeneres,
664 3101 784 3158 germen
805 3083 974 3151 adulterum,

368 3162 543 3237 Miraturque
565 3181 655 3221 novos
677 3165 786 3223 semine
807 3182 867 3223 non
889 3182 942 3222 suo

446 3244 543 3302 Arbor
564 3263 691 3304 crescere
713 3247 850 3305 surculos.
