2478 3928
261 396 315 470 136
462 394 493 454 S.
514 395 632 455 Martiae
651 357 841 474 Magnana.-

373 557 458 628 Laus‚
480 577 594 620 summa
607 559 690 630 Patri,
709 578 882 638 summaque
903 563 989 622 Filio:

374 638 416 697 Sit
437 657 550 697 summa
569 659 642 716 puro
663 642 725 700 laus
745 661 860 720 quoque
881 644 1010 715 Flamini,

374 719 497 779 Afflante
469 730 576 798 tquo
597 741 711 798 semper
730 725 874 784 calescunt
1090 743 1095 754 ·

374 801 521 861 Aethereis
542 804 590 879 pia
610 805 697 863 corda
717 805 849 865 flammis.

484 1145 530 1189 nn
550 1113 703 1190 omnim
725 1145 819 1190 uocu.

412 1363 507 1442 Plagis
528 1365 659 1442 Magistri
668 1367 784 1438 --saucia

410 1446 490 1505 Dum
510 1450 622 1507 moesta
641 1447 736 1523 largos
757 1446 887 1506 funderet

411 1527 504 1587 Maria
524 1529 614 1601 fletus,
636 1530 727 1588 acrior

411 1609 523 1668 Revixit
543 1612 573 1668 in
593 1611 694 1687 poenis
715 1625 804 1668 amor.

410 1768 479 1830 Nun
499 1773 589 1844 tulba,
610 1789 670 1831 non
690 1777 765 1831 vetat
785 1773 876 1852 crucis

410 1850 570 1931 Mortisque
591 1855 667 1912 diiae
689 1854 864 1923 scandalum,

409 1934 485 1992 Inter
505 1935 629 1994 surente's
650 1938 786 2012 quaerere

408 2015 502 2091 Ligno
523 2019 704 2092 peiemptum
724 2017 835 2074 milites.

409 2177 483 2249 Quis
503 2186 597 2238 tantus
618 2180 748 2254 ignaram
768 2179 849 2236 labor

346 2300 351 2307 ·
408 2259 551 2318 Exercet?
575 2260 738 2319 Extinctam
759 2261 839 2319 doles

409 2341 443 2398 ln
463 2351 555 2400 morte
576 2342 678 2400 vitam:
702 2341 771 2419 quid
792 2341 892 2416 gemis

408 2420 490 2481 Mors
511 2423 574 2498 ipsa
594 2427 661 2481 cuni
681 2424 779 2482 victrix
798 2422 898 2480 cadit?
981 2485 984 2492 ,

408 2582 454 2641 En
475 2584 520 2643 ille
540 2587 626 2661 q'uem
647 2585 728 2662 luges
749 2602 857 2655 amans,

406 2665 544 2724 Praesens
565 2678 711 2743 resumpto
731 2685 861 2742 corpore,

407 2744 491 2806 Notis
513 2758 657 2807 amantem
677 2759 706 2806 te
726 2749 816 2807 redux

405 2827 530 2886 Primam
552 2829 654 2888 salutat
674 2831 800 2888 vocibus.

404 2988 432 3048 O
454 2991 478 3048 si
497 2992 598 3050 beato's
618 2995 744 3067 tangeie,

405 3070 433 3130 Ο
454 3071 477 3130 sl
498 3082 594 3131 tenere
615 3072 657 3132 sas
678 3075 785 3149 pedes!

402 3151 460 3211 Sed
480 3151 526 3212 hic
546 3155 678 3232 perennis
698 3173 759 3214 non
779 3153 862 3214 datur

402 3233 526 3294 Gustare
546 3237 619 3294 vitae
639 3236 753 3312 gaudia.
