2514 3934
526 400 678 477 Ve'rgz'num.

279 565 356 622 Liliis
379 563 508 639 Sponsus
529 565 653 636 recubat,
674 565 822 639 rosisque:

278 647 334 715 Tu,
355 656 405 704 tuo
426 663 539 720 semper
559 647 634 704 bene
655 646 713 704 fida
735 647 857 721 Spons0,

277 729 313 784 Et
334 746 413 786 rosas
435 737 547 802 martyr,
570 728 653 785 simul
674 738 703 786 et
723 728 825 787 dedisti

357 808 429 866 Lilia
449 809 536 884 virgo

278 972 397 1029 Summa
418 972 479 1029 laus
500 970 584 1042 Patri,
606 972 761 1047 genitoque
783 971 898 1042 Verbo;

276 1053 311 1110 Et
333 1053 383 1110 tibi
404 1069 530 1128 compar,
551 1054 696 1128 utriusque
718 1051 837 1111 Nexus:
875 1059 878 1066 ’

276 1135 332 1192 Fac
354 1135 405 1191 tibi
427 1153 541 1210 semper
561 1135 726 1210 placeamus
745 1136 796 1190 uni

358 1216 489 1274 Moribus
511 1217 618 1291 aequis.

446 1565 507 1622 Pro
528 1585 580 1622 non
601 1563 740 1632 Marum.

355 1772 424 1830 Non
445 1789 518 1830 vana
539 1771 674 1828 dilectum
695 1789 813 1847 gregem
855 1775 862 1790 ⁸

355 1854 461 1911 Pavere
482 1853 583 1910 mundi
603 1852 716 1928 gaudia,

354 1935 417 1993 Nec
438 1953 510 2010 pura
530 1934 615 1992 faliax
636 1940 752 2009 pector'a

354 2018 456 2092 Imago
477 2016 543 2075 lusit
564 2016 659 2074 seculi.

354 2180 419 2238 Sed·
432 2179 503 2238 haec
524 2189 636 2237 tuarum
657 2180 772 2254 propria

356 2262 436 2332 Sunt,
458 2261 579 2331 Christe,
602 2279 772 2336 sponsarum
793 2262 879 2331 bona,
966 2267 973 2276 '

354 2343 398 2400 Te
420 2361 542 2418 semper,
564 2353 592 2400 et
613 2351 708 2400 tecum
726 2343 784 2399 vtuis

352 2425 387 2481 In
407 2436 436 2483 te
456 2425 541 2499 potiri
561 2423 698 2499 gaudiis

353 2587 446 2646 Castis
468 2585 592 2644 vicissim
612 2595 644 2644 tu
664 2586 716 2643 tibi

352 2670 387 2726 ln
408 2668 543 2728 cordibus
564 2667 680 2726 thorum
701 2667 800 2725 struis:

352 2751 485 2826 interque
507 2749 638 2806 flammas
659 2749 760 2808 intimo

353 2834 464 2891 Amans
486 2831 610 2906 quiescis
631 2831 661 2888 in
682 2832 754 2889 sinu.

353 2994 412 3052 Hic
433 3012 510 3053 unus·
528 3006 572 3052 est
593 2993 707 3069 sponsis
728 3011 817 3063 amor,

351 3076 492 3151 Unusque
514 3085 609 3134 tecum
629 3075 746 3150 spiritus
757 3093 764 3146 ;

351 3157 485 3232 Beasque
507 3174 632 3232 sponsus
654 3156 788 3230 singulas,

351 3240 386 3295 In
407 3249 492 3313 teque
513 3238 707 3308 transformas,
730 3237 819 3295 Deus.
909 3236 918 3246 ‘
