2478 3928
407 415 445 473 In
466 415 522 472 Die
541 416 714 474 pentecostes.
925 437 961 514 23

242 580 310 638 Heu
323 598 406 638 mens
421 589 525 649 nostra,
540 579 629 650 Deus,
644 589 672 637 te
687 580 748 637 sine
763 581 833 655 quid
847 582 962 656 potest?

240 662 348 720 Lucem
369 680 471 737 prome
492 661 611 732 animis3
641 662 735 720 cordis
756 662 897 720 aheneam

240 743 323 802 Molli
343 744 490 813 duritiem;
519 743 616 810 redde,
637 753 729 818 poteS,
751 744 839 812 Deus,

321 825 395 883 Voci
416 843 470 883 nos
492 824 600 882 dociles
621 835 695 883 tuae.

238 987 279 1046 Sit
300 986 361 1045 laus
383 1004 496 1045 summa
518 985 601 1056 Patri,
623 1004 793 1062 summaque
816 985 904 1058 Fillo;

239 1068 279 1126 Sit
300 1087 359 1144 par,
381 1068 464 1139 alme,
486 1067 537 1125 tibi
558 1067 619 1126 laus
641 1086 765 1146 quoque,
789 1067 917 1143 Spiritus

237 1150 291 1208 Per
312 1168 399 1227 quem
420 1150 491 1224 legis
513 1167 594 1207 amor
615 1150 749 1208 cordibus
770 1151 870 1208 insitus

318 1232 376 1290 Dat
397 1232 476 1308 quod
497 1231 543 1289 lex
560 1231 650 1307 jubet,
671 1233 783 1307 exequi.

455 1575 501 1617 AD
524 1573 660 1617 LAUDES.

277 1776 435 1834 eludimur:
464 1776 542 1835 almo
564 1775 685 1852 Spiritus

277 1858 434 1916 Descendit
454 1877 472 1915 e
493 1859 557 1916 sinu
578 1857 677 1928 Patris,

275 1940 434 2015 Aegrisque
456 1939 508 1997 fert
529 1939 696 1998 mortalibus

276 2020 420 2080 Promissa
441 2021 514 2079 coeli
534 2039 662 2078 munera.

275 2183 354 2255 Quot
375 2184 502 2258 proditur
522 2183 665 2242 miraculis

275 2265 434 2324 Praesentis
454 2266 592 2324 adventus
613 2265 685 2324 Deil

274 2347 340 2424 Jam
360 2357 420 2405 tota
441 2347 554 2404 sublimi
576 2348 680 2404 domus

275 2429 405 2504 Repente
426 2428 495 2486 flatu
514 2439 656 2503 personat.

274 2591 348 2649 Puro
369 2591 494 2649 caducus
515 2590 637 2661 aethere,

273 2672 430 2731 Candentis
451 2673 488 2730 ad
508 2673 623 2747 linguae
642 2673 771 2744 modum,

272 2754 307 2811 In
328 2754 528 2812 considentum
549 2755 683 2813 verticem

272 2836 382 2911 Ignitus
404 2835 495 2893 imber
515 2835 631 2911 depluit.

271 2997 354 3068 Quae
374 2997 492 3056 flamma
513 3015 641 3056 summas
662 2999 738 3056 alluit

273 3078 395 3138 Innoxio
417 3090 494 3138 tactu
514 3097 622 3150 eomas,

272 3159 355 3219 Haec
375 3162 468 3236 gliscit
488 3162 598 3219 arcanis
620 3162 703 3220 simul

272 3240 307 3299 In
328 3253 428 3318 pectus
449 3254 478 3301 et
497 3253 625 3302 mentem
645 3243 705 3301 viis.
