2478 3928
360 443 398 502 In
426 419 580 502 W'st'latt'one
597 439 638 499 B.
658 440 705 500 M.
733 441 765 500 V.
905 464 961 518 133

326 606 535 665 Absconditum
556 605 610 663 sub
631 605 733 664 intimo

327 688 389 746 Ceu
409 689 494 759 nube,
515 687 651 763 portabas
667 687 736 745 'sinu

328 769 433 840 Solem,
455 787 509 828 suo
529 768 579 844 qui
599 767 729 843 protinus

327 850 469 909 Lustrabit
490 839 590 908 orbem
611 849 726 908 lumine.

325 1011 438 1070 Mundo
459 1011 623 1087 redemptor
643 1011 692 1087 qui
712 1011 800 1082 venis,

325 1094 386 1164 Fili,
408 1093 459 1150 tibi
479 1093 541 1152 laus
561 1093 687 1150 maxima

325 1174 401 1232 Cum
422 1173 521 1232 Patre:
548 1191 603 1232 nec
624 1174 674 1232 tibi
693 1173 788 1234 minor

325 1255 411 1327 Laus,
431 1256 577 1331 utriusque
600 1255 728 1331 Spiritus.

398 1573 443 1616 AD
464 1571 617 1616 OFFICIUM
639 1571 733 1616 NOCT.

326 1789 451 1858 Montes,
473 1786 629 1863 superbum
649 1787 793 1858 verticem,

326 1870 394 1942 Qua
413 1868 505 1944 Virgo
525 1869 631 1939 transit,
654 1869 775 1940 subdite,

327 1951 382 2008 Cui
403 1969 434 2010 se
455 1950 574 2008 libenter
595 1958 750 2010 sternerent

327 2031 382 2100 Vel
402 2032 466 2107 ipsa
486 2031 559 2090 coeli
580 2031 680 2090 sidera.

329 2193 450 2253 Occulta
470 2211 544 2269 quae
564 2193 632 2252 latet
652 2193 740 2264 domi,
825 2253 829 2262 ,

255 2333 258 2339 ,
328 2275 424 2333 Audet
444 2274 521 2334 foras
542 2293 572 2333 se
593 2275 730 2350 prodere:

330 2356 450 2432 Semper
470 2357 525 2416 sibi
544 2356 648 2414 timens
669 2357 763 2432 pudor

329 2436 366 2495 Se
388 2438 502 2496 caritate
522 2437 654 2513 protegit.

328 2600 354 2658 It
374 2600 431 2670 illa,
445 2605 510 2660 'non
530 2600 617 2657 nectit
636 2615 750 2660 moras:

327 2681 412 2756 Fugit
432 2681 527 2751 videri,
548 2698 601 2738 nec
622 2681 717 2738 minus

328 2762 413 2838 Fugit
434 2762 529 2832 videri,
550 2779 587 2820 ne
609 2779 663 2820 suo

329 2842 496 2920 Quidquam
516 2843 619 2918 pudori
640 2842 776 2905 detrahat.

329 3005 418 3064 Beata
437 3023 525 3082 quam
545 3005 647 3081 pressit
667 3006 751 3081 pede,

329 3085 445 3146 Tellusl
472 3088 556 3146 beata
576 3087 692 3145 semital

330 3167 426 3227 Colles
446 3169 531 3239 beati,
552 3168 602 3244 qui
623 3168 707 3227 simul

331 3248 408 3309 Cum
427 3260 517 3310 matre
538 3249 664 3310 sensistis
684 3249 798 3308 Deum!
