2430 3918
298 431 335 502 38
526 426 564 486 In
584 427 665 488 Festo
686 426 718 487 S.
733 425 863 506 Joanmi.

458 590 537 650 Tiun
557 589 664 649 blanda
683 609 762 650 mors
783 594 899 652 amabili

460 672 569 749 Sopore
591 673 690 731 elausit
709 673 818 732 lumina
827 695 835 746 ;

458 755 507 813 Ad
527 754 598 813 lucis
620 764 751 813 aeternae
769 756 862 832 jubar,
905 819 907 824 ,

459 833 571 895 Exutus
592 845 677 906 artus
699 837 799 895 evolat.

461 998 570 1057 Servire
591 998 698 1056 mensis
719 1017 879 1076 pauperum

460 1080 495 1138 Id
517 1080 644 1138 muneris
666 1081 814 1155 quondam
836 1083 894 1154 tui;

459 1160 588 1220 Conviva
609 1179 685 1219 nunc
706 1161 811 1238 dignus
831 1162 908 1234 Deo,

461 1241 573 1300 Mensis
595 1243 725 1318 supernis
746 1244 864 1303 assides,

461 1405 509 1462 Tu
530 1404 648 1481 nuptiali
669 1404 836 1480 splendidus

460 1486 518 1545 Tui
540 1485 646 1545 cruoris
667 1505 799 1563 purpura,

460 1568 509 1626 Ad
529 1569 668 1627 immolati
689 1570 844 1629 transvolas

460 1649 614 1708 Admissus
634 1647 712 1725 Agni
733 1652 856 1727 nuptias.

462 1810 541 1883 Quid
561 1829 630 1881 non,
651 1811 741 1883 Deus,
763 1813 787 1870 si
806 1814 934 1889 respicis

461 1891 600 1950 Humana
620 1903 742 1969 possunt
762 1897 900 1970 pectora?

464 1972 555 2049 Cujus
576 1974 754 2050 triumphum
775 1977 936 2053 pangimus,

405 2095 411 2108 .
462 2053 520 2113 Fac
541 2073 595 2113 nos
616 2065 644 2112 et
665 2057 830 2132 exemplum
851 2060 941 2134 sequi,

462 2216 522 2288 Qui
541 2226 625 2276 natus
647 2236 678 2276 es
699 2219 736 2277 de
757 2218 884 2295 Virgine,

462 2297 540 2375 Jesu,
562 2299 612 2357 tibi
634 2299 669 2357 sit
689 2299 780 2375 gloria

463 2379 539 2438 Cum
560 2381 652 2452 Patre,
674 2399 798 2457 eumque
820 2381 934 2459 Spiritu,

463 2460 499 2519 In
520 2463 693 2539 sempiterna
714 2463 817 2522 secula

360 2752 405 2810 IN
430 2751 562 2814 FESTO
585 2753 613 2812 S.
628 2753 802 2832 JOANNIS
827 2750 1040 2812 APOSTOLI.

532 2916 578 2958 AD
599 2915 753 2960 OFFICIUM
774 2915 870 2961 NOC‘I'.

345 3027 401 3099 Tu,
422 3046 510 3103 quem
530 3046 599 3104 prae
619 3028 734 3103 reliquis
756 3025 885 3086 Christus
908 3037 1059 3096 amaverat,

346 3107 373 3169 O
395 3109 493 3168 dulces
514 3109 639 3168 hominis
660 3109 778 3168 deliciae
799 3107 863 3179 Dei,

344 3190 485 3250 Curarum
506 3190 609 3262 socius,
631 3190 736 3249 funeris
758 3199 786 3248 et
807 3207 915 3262 comes

423 3273 461 3332 Et
480 3273 559 3333 testis
580 3291 696 3350 quoque
717 3272 832 3350 gloriae.
