2430 3918
459 445 615 505 Domziu'ca.

305 610 364 681 Qui
385 611 508 668 caritatis
529 611 642 670 vinculo

306 691 382 750 Cum
404 692 487 750 Patre
508 694 599 750 nectis
620 693 732 765 Filium,

306 774 343 831 Et
364 791 419 832 nos
440 775 547 832 amoris
568 777 660 832 mutui

276 881 278 884 ·
305 856 399 914 Arctis
420 865 524 930 coapta
544 856 674 916 nexibus.

305 987 371 1046 Deo
392 988 468 1045 Patri
489 989 525 1047 sit
546 989 644 1063 gloria,

307 1069 437 1145 Ejusque
459 1070 512 1127 soli
534 1069 615 1141 Filio,

307 1150 413 1208 Sancto
434 1151 518 1209 simul
539 1169 606 1208 curn
628 1151 741 1227 Spiritu,

307 1231 401 1302 Nunc,
422 1242 450 1290 et
471 1251 522 1307 per
543 1251 630 1291 omne
651 1234 787 1292 seculum.

398 1394 458 1452 Per
479 1395 690 1453 Hebdomadam.

440 1526 486 1567 AD
508 1524 648 1568 SEXTAM.

307 1629 374 1706 Jam
395 1630 463 1688 solis
485 1631 632 1688 excelsum
651 1630 735 1705 jubar
806 1656 808 1665 ·

309 1711 388 1770 Toto
409 1721 540 1769 coruscat
560 1712 687 1782 lumine;

310 1793 452 1868 Sinusque
473 1793 604 1868 pandens
626 1810 737 1862 aureos

310 1875 404 1949 Ignita
424 1871 514 1932 vibrat
536 1875 652 1950 spicula.

310 2005 366 2075 Tu,
389 2004 510 2075 Christe,
532 2008 581 2080 qui
602 1993 847 2078 mundun'rnova,

311 2087 361 2145 Sol
382 2105 472 2157 verus,
495 2088 628 2146 accendis
649 2088 719 2158 face,

310 2169 368 2226 Fac
389 2178 487 2226 nostra
507 2169 623 2244 plenam
644 2171 745 2227 caritas

311 2249 477 2308 Crescendo
499 2261 595 2325 surgat
616 2251 653 2309 ad
675 2251 760 2309 diem.

311 2383 376 2441 Deo
397 2382 474 2440 Patri
495 2385 530 2441 sit
551 2383 649 2458 gloria,

311 2464 440 2541 Ejusque
461 2465 514 2522 soli
535 2464 617 2535 Filio,

313 2546 419 2604 Sancto
441 2547 525 2603 simul
546 2565 613 2603 cum
636 2545 748 2621 Spiritu,

313 2628 407 2697 Nunc,
429 2637 457 2684 et
478 2645 529 2702 per
550 2646 636 2686 omne
659 2627 793 2686 seculum.

405 2807 465 2864 Per
486 2807 697 2865 Hebdomadam.

454 2939 499 2980 AD
520 2938 649 2982 NONAM.

315 3040 444 3099 Labente
464 3042 525 3117 jam
547 3041 615 3100 solis
636 3053 706 3111 rota,

316 3123 436 3181 Inclinat
457 3124 486 3181 in
508 3133 622 3182 noctem
644 3124 705 3181 dics
716 3141 724 3193 ;

317 3203 364 3262 Sic
386 3207 442 3262 vita
463 3223 626 3281 supremam
648 3207 705 3262 cito

317 3286 443 3344 Festinat
463 3288 500 3345 ad
520 3298 628 3345 metam
649 3286 747 3361 gradu.
