2478 3928
291 446 344 498 ¹44
505 425 544 484 In
564 425 666 483 Decoll.
686 425 713 482 S.
727 423 855 502 Joanm's.

365 587 449 648 Haec
469 598 535 648 vota
555 588 672 647 tandem
692 588 742 665 qui
762 588 899 659 cumulas,
921 589 1012 659 Pater,

366 669 504 729 Succurre
526 671 639 741 nostris,
660 670 776 746 auspice
797 669 884 741 Filio;

365 751 487 810 Infunde
508 770 629 822 sacrum,
651 769 709 828 quo
730 751 868 826 vigemus,

365 832 541 904 Pectoribus,
563 832 643 892 Deus
663 833 747 904 alme,
768 831 895 902 Flamen,

599 1137 684 1200 Auo.
709 1157 759 1221 29.

484 1283 528 1341 IN
550 1283 873 1344 DECOLLATIONE

439 1405 467 1464 S.
488 1404 661 1483 JOANNIS
683 1403 919 1464 BAPTISTAE.

494 1632 539 1675 AD
560 1630 676 1676 PRIMAS
699 1630 859 1675 VESPERAS·

358 1783 431 1854 Quis
452 1783 505 1855 ille,
528 1785 612 1860 sylvis
632 1802 649 1842 e
669 1784 860 1861 penetralibus

357 1864 505 1940 Egressus,
527 1866 564 1924 ad
585 1883 617 1924 se
637 1873 679 1923 tot
699 1866 823 1941 populos
843 1866 945 1924 trahit?

357 1947 404 2004 Ab
425 1965 474 2005 ore
494 1948 652 2023 pendentes
673 1947 814 2023 loquentis

356 2027 423 2099 Qua
444 2029 538 2088 subito
559 2039 636 2086 tenet
656 2039 715 2086 arte
736 2029 853 2088 turbas?

964 2108 986 2150 a

355 2190 403 2246 An
423 2190 468 2248 ille
488 2190 563 2249 fastu
582 2191 700 2265 regifico
720 2200 842 2257 tumens,

355 2269 438 2329 Molli
459 2272 568 2331 solutus
589 2271 689 2330 diffluit
709 2272 788 2331 otio?

354 2351 474 2411 Levisne
495 2354 605 2412 arundo
625 2353 773 2411 ventilatur

355 2433 478 2493 Arbitrio
499 2435 644 2510 popularis
665 2435 769 2492 aurae?
815 2467 819 2478 ·

353 2595 440 2670 Atqui
461 2605 503 2654 ter
523 2615 615 2656 annos
634 2597 695 2672 jam
716 2597 811 2655 decies
831 2595 914 2654 trahit

353 2675 448 2734 Vitam
470 2679 500 2735 in
520 2677 669 2753 profundis
690 2678 807 2737 saltibus
828 2695 969 2753 asperam,

353 2756 471 2817 Virtutis
491 2759 571 2818 Eliae
592 2759 702 2818 futurus

352 2838 447 2914 Atque
468 2839 554 2898 animi
574 2858 731 2917 generosus
751 2839 859 2898 haeres.

351 3000 430 3076 Ergo
451 3019 579 3061 severam
600 3001 735 3062 Numinis
756 3003 890 3060 omnibus

351 3080 484 3141 Ostentat
504 3084 585 3155 iram,
607 3101 667 3142 non
687 3084 804 3142 timidus
824 3084 916 3142 mori:

350 3164 483 3223 Assertor
504 3182 569 3222 acer
589 3165 720 3230 veritatis,

350 3244 385 3302 In
405 3264 538 3321 proceres
559 3255 638 3305 tonat
658 3247 745 3322 inque
765 3245 888 3322 plebem.
