2514 3934
509 783 555 825 AD
577 782 730 826 OFFICIUM
754 782 849 825 NOCT-

371 925 375 950 Ι

318 969 385 1045 Jam
406 986 491 1039 nunc,
513 986 587 1044 quae
608 985 742 1026 numeras
763 979 804 1026 tot
825 968 875 1026 tibi
896 968 1030 1037 vindices,

321 1050 400 1108 Effer
421 1051 573 1120 sidereum,
595 1049 727 1125 Relligio,
749 1060 851 1125 eaput;

321 1132 401 1202 Quot
423 1142 487 1189 sunt
508 1141 587 1189 mota
607 1132 658 1189 tibi
679 1131 793 1207 praelia,
815 1132 926 1189 nobiles

403 1211 463 1270 Tot
484 1214 573 1271 nectis
594 1214 645 1271 tibi
666 1213 785 1271 laureas.

323 1377 399 1434 Cum
419 1394 471 1451 per
492 1375 568 1434 mille
589 1393 675 1434 neces
696 1377 827 1451 impietas
848 1375 921 1446 furit,

323 1457 458 1533 Opponis
480 1457 573 1515 valido
594 1467 709 1533 pectore
732 1457 874 1532 Martyres
885 1477 892 1527 ;

292 1565 296 1573 ·
323 1540 399 1597 Cum
420 1557 473 1614 per
492 1538 568 1596 mille
589 1539 672 1597 dolos
693 1539 799 1614 decipit
820 1539 954 1608 haeresis,

403 1619 545 1678 Doctores
566 1621 616 1678 tibi
638 1621 764 1678 suscitas.

324 1783 451 1853 Quando
473 1801 573 1858 sparsa
593 1783 653 1841 lues
675 1784 801 1859 undique
823 1784 983 1852 criminum,

326 1865 365 1920 Hi
387 1864 510 1939 gliscens
531 1865 629 1922 vitium
650 1865 779 1940 protinus
801 1875 965 1941 amputant:

325 1945 452 2015 Quando
472 1945 595 2021 plurima
615 1964 673 2005 nox
695 1947 838 2005 mentibus
860 1947 984 2018 incubat,

405 2025 446 2083 Hi
467 2027 585 2103 plenum
605 2027 743 2085 revehunt
765 2029 850 2086 diem.

326 2189 453 2248 Firmant
474 2189 627 2259 instabiles,
649 2200 677 2248 et
698 2191 802 2248 dubios
822 2202 941 2267 regunt:

327 2270 490 2329 Monstrant
510 2281 570 2329 tuta
590 2271 691 2345 procul
711 2271 804 2331 littora
825 2272 986 2347 naufragis:

327 2352 428 2421 Nobis,
451 2353 500 2428 qui
521 2352 649 2410 vehimur
670 2371 757 2412 caeca
777 2372 829 2429 per
850 2372 984 2429 aequora,

408 2433 518 2491 Lucent
539 2443 693 2510 perpetuae
715 2434 801 2494 faces.

327 2596 411 2666 Quae
432 2597 529 2654 dixere
550 2598 605 2655 tuis
626 2615 756 2656 consona
777 2599 917 2668 sensibus,

328 2678 441 2736 Nostris
463 2678 517 2748 illa,
538 2678 628 2748 Deus,
650 2680 785 2737 cordibus
806 2680 969 2754 imprimas:

327 2759 410 2829 Quos
432 2760 511 2818 terris
533 2760 662 2830 colimus,
684 2778 758 2836 quos
781 2761 928 2835 sequimur
950 2761 1046 2826 duces,

408 2841 465 2898 Fac
487 2859 541 2899 nos
561 2842 690 2899 moribus
711 2842 834 2917 assequi.

329 3004 370 3060 Sit
392 3021 525 3079 suprema
546 3004 596 3060 tibi
616 3002 715 3077 gloria,
737 3003 859 3074 Veritas,

327 3085 411 3155 Quae
426 3102 477 3159 per
491 3085 597 3159 scripta
611 3082 736 3154 Patrrun,
751 3086 868 3162 quando
882 3087 950 3143 loris
965 3104 1060 3157 sonas,

327 3166 414 3224 Nullo
435 3165 513 3224 vocis
533 3184 622 3241 egens
643 3167 732 3224 corda
752 3168 840 3226 doces
862 3186 943 3237 son0,

407 3247 444 3306 Et
464 3257 492 3306 te
514 3249 658 3307 mentibus
679 3249 788 3308 inseris.
