2430 3918
245 443 293 490 44·
446 421 485 480 In
505 420 586 478 Festo
608 420 839 480 Cr'rcumaizbruk.

407 584 467 656 Qui
487 595 571 643 natus
592 604 624 643 es
645 585 683 642 de
703 584 831 660 Virgine,

406 665 484 742 Jesu‚
505 668 557 724 tibi
577 667 614 724 sit
632 666 724 742 gloria

408 747 484 805 Cum
505 747 597 818 Patre,
619 766 744 823 cumque
766 747 879 824 Spiritu,
919 800 923 808 .

408 828 443 886 In
463 830 637 904 sempiterna
658 830 771 888 secula-

274 1154 317 1210 IN
340 1153 471 1213 FESTO
490 1153 830 1213 CIRCUMCISIONIS
853 1152 1017 1212 DOMINI.

453 1286 500 1328 nn
520 1283 637 1329 nnnrns
660 1285 823 1329 vrsrnnns.

327 1390 436 1448 Debilis
456 1401 569 1449 cessent
589 1390 733 1449 elementa
752 1391 843 1466 legis:

329 1473 378 1530 Sat
398 1472 449 1530 diu
467 1483 580 1530 mentes
600 1473 686 1530 timor
706 1474 874 1548 occupavit:

328 1554 442 1611 Foedus
462 1555 569 1611 aeterni
590 1554 713 1612 stabilire
733 1553 819 1630 Jesus

408 1634 513 1711 Coepit
533 1635 647 1694 amoris.

276 1803 280 1816 '
330 1796 396 1854 Sole
418 1798 454 1855 de
475 1815 542 1854 vero
562 1797 666 1865 radius,
689 1797 798 1872 paterni

328 1877 458 1936 Luminis
479 1897 566 1953 purus
587 1879 648 1937 sine
669 1877 746 1935 nube
768 1875 912 1952 splendor,

329 1959 436 2017 Probra
456 1960 566 2035 peceati
586 1977 658 2036 puer
677 1976 745 2016 ecce
766 1960 870 2017 tinctus

410 2041 555 2116 Sanguine
575 2040 705 2117 praefert.

329 2201 418 2260 stillat
439 2204 550 2262 excisos
571 2203 651 2279 pueri
671 2220 723 2277 per
743 2212 820 2260 artus

329 2282 438 2342 Efficax
459 2303 550 2343 noxas
571 2285 685 2344 abolere
706 2283 840 2358 sanguis:

329 2365 444 2441 Obligat
465 2367 551 2424 morti
571 2367 696 2441 pretiosa
716 2374 810 2422 totum

409 2446 488 2504 Stilla
508 2465 646 2506 cruorem.

330 2608 414 2666 Haec
435 2609 496 2668 dies
517 2628 625 2668 nomen
645 2613 696 2669 tibi
717 2613 901 2689 comparavit,

330 2688 358 2749 O
380 2689 461 2760 Puer,
483 2709 591 2765 pronus
612 2695 691 2768 quod
712 2695 812 2752 adoret
833 2695 929 2763 orbis,

329 2771 366 2828 Et
388 2771 471 2830 simul
493 2772 557 2843 dici,
579 2774 663 2832 simul
684 2777 745 2851 ipse
766 2775 851 2853 Jesus

411 2853 517 2930 Incipis
539 2873 610 2913 esse.

332 3014 452 3073 Summa
472 3015 533 3074 laus
555 3016 648 3089 Patri;
670 3018 754 3076 simul
775 3035 868 3093 aequa
889 3016 975 3087 Nato,

332 3094 391 3168 Qui
413 3115 466 3155 suo
486 3097 628 3155 mundum
648 3100 761 3157 redimit
782 3117 898 3158 cruore:

330 3177 385 3236 Par
406 3179 442 3237 sit
463 3178 614 3237 amborum
634 3180 685 3238 tibi
705 3180 767 3240 laus
788 3199 839 3257 per
860 3198 955 3251 omne,

412 3259 540 3336 Spiritus,
562 3278 672 3334 aevum.
