2478 3928
272 406 325 444 102

450 382 489 444 In
510 382 590 442 Festo
614 379 744 456 Corporis
768 378 884 438 Christi.
930 375 932 384 '

431 545 546 617 Quibus
567 545 621 602 sub
641 545 712 601 bina
733 543 828 619 specie

433 627 559 686 Carnem
573 625 652 684 dedit
672 635 701 684 et
722 627 909 700 sanguinem3

430 709 472 767 Ut
494 708 615 784 duplicis
637 707 811 765 substantiae

431 790 542 854 Totum
564 791 670 850 cibaret
691 789 849 847 hominem.

432 921 469 980 Se
490 939 613 979 noscens
634 920 713 978 dedit
734 921 853 990 socium,

432 1003 617 1063 Convescens
637 1003 667 1059 in
689 1001 833 1059 edulium:

434 1084 471 1143 Se
493 1085 618 1142 moriens
640 1084 670 1140 in
690 1084 821 1158 pretium,

434 1166 472 1224 Se
493 1181 617 1240 regnans
639 1164 687 1223 dat
708 1165 738 1222 in
759 1164 927 1240 praemium.

435 1298 463 1356 Ο
485 1297 614 1355 salutaris
635 1296 749 1366 Hostia,

435 1379 520 1450 Quae
541 1378 614 1436 coeli
635 1378 739 1454 pandis
759 1379 884 1436 ostium:

435 1461 516 1518 Bella
536 1470 670 1536 premunt
691 1459 822 1529 hostilia;

435 1542 483 1599 Da
503 1543 598 1612 robur,
620 1541 661 1600 fer
682 1540 827 1598 auxilium.

437 1673 496 1744 Qui
518 1691 602 1731 came
624 1691 678 1730 nos
699 1673 794 1748 pascis
816 1682 872 1742 tua,

438 1754 480 1812 Sit
501 1754 564 1812 laus
584 1755 644 1825 tibi,
667 1753 769 1812 Pastor
789 1754 874 1823 bone,

437 1835 514 1894 Cum
535 1835 618 1896 Patre
639 1854 764 1911 cumque
787 1834 903 1911 Spiritu,

437 1917 472 1978 In
494 1919 668 1994 sempiterna
689 1917 792 1976 secula.

470 2157 516 2199 nn
537 2155 699 2199 sncuuons
723 2155 887 2221 vnsnnnns

439 2275 545 2350 Pange,
567 2275 672 2350 lingua,
694 2274 811 2349 gloriosi

440 2356 578 2433 Corporis
598 2357 774 2431 mysterium,

440 2438 651 2513 Sanguinisque
672 2439 789 2513 pretiosi

440 2519 538 2590 Quem
559 2520 589 2576 in
609 2520 710 2577 mundi
731 2519 862 2594 pretium,

440 2601 560 2659 Fructus
581 2602 686 2659 ventris
707 2601 848 2675 generosi,

437 2681 505 2739 Rex
527 2683 627 2740 effudit
647 2684 785 2757 gentium.

440 2813 534 2872 Nobis
555 2815 646 2884 datus,
668 2815 753 2872 nobis
774 2824 858 2872 natus

440 2895 486 2952 Ex
507 2895 612 2953 intacta
632 2895 761 2971 Virgine,

441 2976 479 3034 Et
499 2977 529 3033 in
550 2977 661 3036 mundo
682 2987 874 3046 conversatus¹

443 3057 549 3134 Sparso
570 3059 649 3128 verbi
670 3061 788 3130 semine,

444 3139 493 3198 Sui
514 3158 610 3199 moras
631 3141 771 3200 incolatus

442 3221 519 3281 Miro
540 3222 640 3282 clausit
661 3225 771 3284 ordine.
