2408 3904
326 419 364 476 In
384 419 465 476 Fetlo
485 416 517 478 S.
532 417 712 478 Sacramentt'.

247 543 336 654 ouon
356 584 386 640 in
407 601 498 641 coena
520 581 650 640 Christus
670 583 766 657 gessit,

163 671 166 678 '
247 665 423 723 Faciendum
444 665 501 723 hoc
521 664 660 738 expressit

287 747 321 803 In
342 748 386 804 sui
406 746 584 805 memoriam.

245 828 331 886 Docti
352 829 439 887 sacris
460 827 601 892 institutis,

244 909 361 981 Panem,
383 911 489 980 vinum,
511 909 541 966 in
562 909 659 966 salutis

285 991 495 1050 Consecramus
517 990 648 1048 hostiam.

242 1154 359 1228 Dogma
381 1155 462 1211 datur
484 1152 660 1222 Christianis

243 1235 331 1306 Quod
352 1237 381 1292 in
402 1253 518 1293 carnem
539 1236 638 1293 transit
659 1235 749 1310 panis,

283 1318 320 1373 Et
341 1317 437 1374 vinum
460 1317 489 1372 in
510 1316 687 1392 sanguinem.

243 1397 331 1469 Quod
352 1416 412 1455 non
433 1398 520 1472 capia,
542 1398 621 1472 quod
642 1415 703 1454 non
724 1397 810 1465 vides,

242 1480 382 1538 Animosa
403 1479 496 1536 firmat
517 1478 597 1549 fides,

283 1561 397 1620 Praeter
418 1578 512 1617 rerum
533 1560 670 1617 ordinem.

244 1725 303 1781 Sub
326 1724 442 1782 diversis
464 1723 622 1799 speciebus,

244 1805 338 1880 Signis
360 1815 478 1875 tantum,
500 1814 528 1862 et
548 1822 608 1862 non
628 1805 722 1874 rebuS,

282 1887 384 1945 Latent
404 1905 450 1944 res
471 1886 609 1944 eximiae:

242 1968 318 2026 Caro
339 1970 427 2035 cibus,
450 1968 567 2044 sanguis
588 1977 689 2042 potus;

242 2049 341 2108 Manet
362 2061 460 2114 tamen
480 2049 610 2108 Christus
632 2058 707 2106 totus

283 2132 342 2189 Sub
363 2143 482 2208 utraque
503 2131 607 2206 specie.
695 2197 698 2201 ,

241 2295 268 2350 Α
289 2305 419 2353 sumente
440 2313 501 2352 non
522 2295 662 2363 concisus,

238 2375 309 2432 Non
331 2377 500 2445 confractus,
521 2393 581 2433 non
602 2375 715 2444 divisus,

281 2458 394 2533 Integer
415 2457 559 2531 accipitur.

241 2539 333 2596 Sumit
354 2557 435 2604 unus,
458 2546 574 2595 sumunt
595 2535 688 2604 mille;

240 2620 389 2691 Quantum
410 2620 456 2678 isti
476 2627 586 2675 tantum
607 2617 662 2687 ille,

280 2703 343 2760 Nec
365 2710 496 2778 sumptus
517 2699 701 2758 consumitur.

240 2865 361 2923 Sumunt
382 2864 451 2922 boni
473 2871 589 2921 sumunt
610 2862 687 2931 mali,
755 2888 757 2904 ι

239 2947 321 3006 Sorte
342 2958 439 3006 tamen
460 2943 601 3020 inaequali

279 3029 363 3087 Vitae
385 3028 429 3085 vel
450 3027 586 3084 interitus.

239 3111 320 3169 Mors
341 3121 384 3168 est
404 3109 495 3179 malie,
516 3108 573 3165 vita
592 3107 693 3176 bonis;

144 3263 150 3272 Ι
239 3193 314 3250 Vide
336 3191 411 3267 paris
433 3189 603 3265 sumptionis

240 3295 242 3302 ¹
278 3273 374 3345 Quam
396 3273 431 3331 sit
453 3271 549 3345 dispar
569 3269 669 3327 exitus.

428 3351 512 3409 aba

865 432 919 490 371
