2430 3918
354 429 391 488 In
412 428 492 488 Festo
513 428 545 490 S.
560 428 689 509 Joanmi.
882 455 920 508 39

162 593 317 652 Fortunate
338 595 431 664 nimis,
453 594 500 651 cui
521 595 628 653 licitum
650 597 702 654 suit

162 677 321 734 Attrectare
342 693 431 732 manu
452 675 582 734 Verbum
603 677 751 737 hominem
772 678 876 749 Deum,

165 755 253 815 Hunc
275 757 380 828 audire,
402 757 492 815 oculis
514 776 638 829 cemere‚
659 771 759 819 mutuo

246 837 327 910 Quin
349 849 377 896 et
399 837 543 914 colloquio
565 839 637 897 frui!
728 904 735 918 ¹

167 1001 250 1059 Haec
272 1001 325 1059 dos
347 1010 453 1076 quanta
474 1000 534 1071 fuit,
556 1020 624 1060 cum
644 1003 695 1060 tibi
716 1004 834 1061 credidit

166 1082 273 1140 Sensus
295 1081 425 1140 Christus
447 1100 547 1140 amans
569 1085 691 1158 pectoris
713 1086 836 1154 intimos,

165 1163 292 1235 Quando
313 1173 412 1221 monte
434 1181 520 1239 super
540 1174 616 1223 totus
638 1165 726 1223 homo
748 1165 828 1224 Deus

247 1244 317 1302 Sese
338 1247 455 1302 numine
476 1246 590 1303 vestiit?

165 1405 235 1484 Jesu
256 1419 287 1465 tu
307 1407 422 1483 placido
444 1407 514 1465 dum
535 1409 655 1467 recubas
676 1409 747 1480 sinu,

166 1489 253 1547 Potas
273 1488 359 1565 plena
380 1489 445 1547 Deo
466 1490 558 1548 vivida
577 1491 714 1562 flumina;

167 1570 275 1646 Illapsu
295 1571 381 1628 tacito
402 1589 433 1628 se
454 1572 571 1647 propius
592 1572 647 1630 tuis

250 1651 367 1710 Numen
388 1651 519 1711 sensibus
540 1654 653 1712 inserit.¹

129 1816 140 1824 “
168 1813 212 1871 Ex
234 1813 290 1872 hoc
311 1813 389 1872 sonte
410 1814 507 1872 Deum
528 1815 640 1891 plenius
661 1816 811 1886 hauseras;

169 1895 283 1970 Corpus
304 1894 429 1954 destituit
450 1914 532 1954 mens
553 1895 629 1954 velut
650 1897 745 1968 ebria;
827 1913 831 1930 ¹

168 1977 233 2047 Dic,
255 1995 321 2035 cum
342 1977 449 2034 blanda
469 1978 551 2052 quies
571 1978 681 2036 lumina
702 1979 839 2047 clauserit,

251 2057 335 2129 Quae
357 2058 491 2117 coelestia
511 2059 622 2118 videris.

169 2219 197 2278 O
220 2239 316 2279 sacros
337 2220 447 2279 aditus!
470 2220 498 2280 Ο
519 2221 593 2279 bene
613 2223 705 2280 mutui

171 2301 237 2359 Hac
258 2303 357 2378 ignota
377 2312 461 2360 tenus
481 2304 586 2378 gaudia
607 2305 748 2378 pectoris!

169 2382 254 2454 Quae
276 2401 335 2441 non
355 2384 412 2442 tela
430 2385 498 2459 jacit
520 2383 601 2442 divus
622 2402 704 2442 amor
726 2386 812 2443 sacris

255 2463 312 2522 His
333 2464 496 2524 fornacibus
517 2465 674 2524 incubansi

171 2625 249 2684 Hinc
271 2636 302 2684 tu
323 2645 437 2703 semper
458 2645 567 2699 amans,
589 2646 702 2704 semper
723 2627 871 2686 amabilis:

172 2706 250 2765 Hinc
272 2718 300 2766 et
321 2707 421 2766 frontis
442 2709 543 2780 honos
565 2710 707 2785 virgineus
728 2710 821 2785 pudor
832 2728 839 2779 ;

172 2789 250 2847 Hinc
273 2789 396 2848 coeleste
415 2791 507 2867 jubar,
529 2791 608 2866 quod
629 2809 748 2866 superos
769 2791 859 2861 decet,

255 2870 334 2928 Toto
355 2872 459 2930 vertice
479 2871 612 2930 funditur.

66 3029 69 3038 ’
174 3031 252 3090 Hinc
274 3033 372 3091 creber
392 3034 505 3110 repetis,
527 3036 625 3093 creber
646 3034 723 3092 idem
744 3053 848 3092 sonas:

174 3114 325 3190 Quidquid
345 3114 420 3186 faris,
443 3133 531 3187 amor,
553 3117 593 3175 sic
614 3134 696 3174 amor
717 3117 852 3192 imperat:

176 3196 233 3254 Vix
256 3213 319 3254 sese
340 3197 457 3274 capiens
478 3208 596 3269 aestuat,
618 3207 646 3256 et
668 3196 726 3256 suis

259 3275 361 3336 Pectus
382 3280 521 3357 rumpitur
542 3280 663 3355 ignibus.
