2478 3928
414 385 447 446 S.
460 383 582 466 semis
602 383 730 461 Apostoli.
913 405 968 459 ¹19

337 549 453 613 Auem
472 565 492 611 o
513 566 587 624 quae
608 549 746 624 pignerat

337 629 430 701 Vobis
450 647 519 688 oves
540 630 628 690 credit
647 648 733 693 suas:

331 712 441 788 §.rigare
462 711 518 782 dat,
540 711 588 769 dat
609 712 717 773 solvere

237 855 248 876 κ
326 793 422 864 ’Quae
443 792 526 852 solvit
544 801 574 850 et
594 793 662 870 ligat
682 792 771 858 Deus.

338 955 393 1026 Da,
415 953 536 1024 Christe,
558 955 596 1016 da
613 964 710 1022 tecum
730 955 820 1020 mori:

338 1035 452 1100 Tecum
474 1036 558 1096 simul
579 1036 616 1098 ds
636 1055 768 1112 surgere:

338 1117 467 1180 Terrena
488 1117 525 1176 da
544 1127 727 1183 contemnere
737 1136 746 1189 ;

338 1201 445 1258 Amare
466 1199 505 1258 da
522 1199 665 1264 eoelestia„

340 1363 382 1420 Sit
403 1361 465 1422 laus
485 1361 578 1431 Patri;
604 1361 665 1420 laus
686 1361 767 1432 Filio,

339 1443 400 1516 Qut
419 1461 482 1514 nos,
502 1443 675 1518 triumphata
695 1461 774 1513 nece,
870 1507 872 1512 ,

340 1525 388 1589 Ad
407 1533 484 1588 asna
505 1542 603 1584 secum
623 1524 682 1584 dux
703 1533 800 1582 vocat:

338 1606 468 1684 Compar
488 1606 539 1670 tibi
559 1605 630 1676 laus,
652 1604 781 1681 Spiritus.

485 1823 689 1833 ---·

406 2041 408 2048 Ι
510 1958 599 2021 Min
622 1957 652 2020 6.

345 2126 374 2183 S.
402 2123 576 2202 JOANNiS
608 2120 813 2181 APOSTOLI

368 2270 457 2314 ANTE
479 2268 611 2314 PORTAM
632 2267 795 2312 LATINAM.

272 2410 318 2451 AD
340 2408 455 2452 PRIMAS
477 2408 520 2452 ET
543 2405 704 2450 SECUNDAS
729 2404 889 2450 VESPERAS.

262 2561 372 2618 Urbem
393 2559 566 2618 Romuleam
589 2558 653 2634 quis
676 2560 753 2618 suror
774 2558 888 2616 incitat?

262 2642 368 2700 Christi
389 2641 546 2717 discipulus
567 2640 692 2700 Caesare
711 2639 807 2717 J'udiee

262 2723 423 2782 Damnatus
444 2724 565 2798 rapitur:
594 2722 634 2778 nil
654 2721 820 2782 venerabilis

345 2805 458 2864 Frontis
479 2804 596 2862 canities
616 2813 720 2862 movet.

264 2967 298 3024 In
321 2967 431 3026 fervens
452 2965 508 3025 olei
529 2966 678 3042 conjicitur
698 2983 793 3024 mare:

265 3048 314 3106 Nil
335 3059 431 3108 aestus
452 3049 557 3119 nocuit,
579 3047 697 3109 flamma
717 3048 769 3106 sed
789 3046 894 3121 hospiti

267 3129 360 3188 Parcit
380 3130 487 3191 blanda
507 3146 577 3200 suo;
608 3148 661 3188 ceu
682 3129 761 3205 pugil
781 3127 902 3204 ungitur,

347 3210 425 3270 Hinc
446 3221 475 3270 et
495 3209 595 3270 fortior
616 3211 701 3270 exilit.
