2456 3904
386 403 425 462 In
441 403 502 460 'Dic
522 401 694 461 Pentecostes.
887 417 943 472 323

306 568 414 626 Inferni
435 566 556 626 claustra
576 576 736 643 penetrans

309 650 391 708 Tuos
412 649 539 724 captivos
560 647 712 718 redimens

308 730 407 790 Victor
428 729 573 806 triumpho
594 729 683 787 nobili

307 813 355 871 Ad
377 813 506 871 dextram
528 811 618 869 Patris
638 811 774 869 residens.

308 976 377 1052 Ipsa
397 986 425 1034 te
446 984 531 1050 cogat
551 975 643 1049 pietas

307 1056 348 1115 Ut
368 1058 444 1115 mala
465 1066 563 1114 nostra
584 1073 708 1131 supereo,

309 1138 458 1197 Parcendo
479 1148 507 1195 et
527 1138 586 1196 voti
607 1145 757 1211 compotes

311 1219 375 1279 Nos
396 1231 446 1278 tuo
466 1220 544 1276 vultu
565 1218 661 1278 facies.

307 1381 355 1439 Tu
377 1391 439 1440 esto
460 1391 590 1439 nostrum
610 1382 756 1457 gaudium,

309 1463 367 1534 Qui
388 1482 419 1520 es
440 1462 550 1521 futurus
570 1464 746 1538 praemium;

312 1543 354 1602 Sit
374 1554 472 1602 nostra
493 1544 522 1601 in
542 1553 570 1602 te
591 1545 681 1620 gloria

312 1624 366 1683 Per
387 1636 490 1684 cuncta
511 1643 624 1701 semper
646 1628 768 1685 saecula.

312 1787 413 1846 Gloria
433 1789 483 1846 tibi
504 1788 639 1860 Domine,

314 1869 374 1941 Qui
396 1870 509 1928 scandis
531 1887 617 1945 supra
638 1871 738 1942 sidera,

313 1951 388 2010 Cum
409 1952 492 2009 Patre
514 1961 542 2010 et
563 1961 662 2010 sancto
685 1952 797 2029 Spiritu,

312 2033 347 2090 ln
369 2035 541 2110 sempiterna
563 2035 684 2093 saecula.

322 2411 366 2468 ΙΝ
388 2410 467 2492 nia
482 2411 785 2483 Pnnuacosnus

374 2559 402 2605 Et
418 2561 484 2607 tribus
499 2561 574 2608 diebus
589 2561 732 2622 sequentibus.

287 2752 292 2761 ·
334 2713 337 2718 ¹
388 2747 433 2790 an
455 2735 729 2791 communimus

156 2867 242 2924 Alma
256 2867 360 2926 chorus
371 2865 489 2925 Domini
500 2885 577 2924 nunc
591 2876 699 2943 pangat
712 2868 830 2925 nomina
845 2871 957 2938 summi,

162 2948 294 3020 Messias
310 2948 399 3020 Soter,
415 2949 596 3020 Emmanuel,
613 2949 740 3008 Sabaoth
762 2949 884 3020 Adonai,

158 3030 219 3100 Est,
234 3029 414 3106 Unigenitus,
429 3029 493 3101 Via,
508 3030 584 3102 Vita,
599 3029 714 3102 Manus,
730 3030 943 3102 Homoousion,

160 3111 342 3187 Principium,
357 3111 575 3188 PrimogenituS,
592 3111 745 3188 Sapientia,
760 3111 866 3182 Virtus

160 3193 263 3268 Alphei,
279 3193 382 3269 Caput,
397 3193 532 3270 Finisque
547 3194 632 3253 simul
646 3195 784 3252 vocitatur
798 3203 825 3250 et
840 3205 882 3252 est
896 3193 953 3266 00,

160 3275 238 3335 Fons
253 3286 280 3333 et
295 3275 386 3352 Origo
400 3276 477 3347 boni,
493 3276 657 3347 Paraclitus‚
674 3275 867 3347 etMediator,

516 3373 537 3415 u
555 3375 570 3414 a
