2456 3904
281 464 341 518 324
486 447 524 504 In
545 445 626 504 Festo
646 445 703 506 SS.
723 445 878 506 Trinitatis.

279 609 390 683 Agnus,
402 608 481 679 Ovis,
492 608 614 679 Vitulus,
625 609 758 685 Serpens,
770 612 862 682 ArieS,
874 611 945 682 Leo,
955 611 1086 684 Vermis,

279 688 331 759 Os,
341 689 479 761 Verbum,
492 690 642 766 Splendor,
655 690 713 761 Sol,
725 691 832 763 Gloria,
842 693 915 764 Lux,
930 705 958 751 et
970 694 1087 770 Imago,

277 770 371 842 Panis,
386 771 462 842 Flos,
477 771 559 844 Vitis,
574 772 671 843 Mons,
684 772 786 849 Janua‚
801 774 892 844 Petra,
908 775 1065 851 Lapisque,

277 853 416 928 Angelus,
425 854 1085 931 etSponsuS,Pastorque,Propheta,Sacerdos,

278 933 447 1005 Athanatos,
459 934 574 1011 Kyrios,
586 936 674 993 theon
688 947 798 1011 panton
812 937 930 1009 Craton,
944 949 972 996 et
987 939 1083 1010 lesuS,

277 1014 418 1075 Salvificet
432 1036 503 1075 nos:
526 1018 561 1075 sit
574 1018 615 1074 tui
629 1017 724 1075 saecla
736 1036 789 1093 per
802 1020 900 1077 omnia
914 1021 998 1078 doxa.

577 1272 778 1280 ——-——-.

399 1466 444 1525 IN
465 1465 597 1526 FESTO
619 1465 670 1524 SS.
693 1463 948 1525 TRINITATIS.

574 1683 620 1730 AD
641 1682 775 1728 LAUDFS.

354 1840 382 1900 O
404 1841 488 1899 Pater
510 1849 607 1897 sancte
627 1839 704 1896 mitis
725 1849 811 1914 atque
832 1840 887 1913 pie,

354 1921 473 1998 OJesu
494 1921 606 1980 Christe
627 1920 680 1978 Fili
701 1921 871 1990 venerande,

353 2003 547 2078 Paraeliteque
569 2002 689 2077 Spiritus
711 2000 739 2060 O
761 2001 844 2072 alme,

431 2083 513 2142 Deus
533 2094 656 2152 aeterne,

351 2247 477 2304 Trinitas
498 2256 597 2304 sancta
617 2245 779 2321 Unitasque
800 2245 889 2314 firma,

350 2329 450 2387 Deitas
471 2346 545 2393 vera,
567 2327 685 2384 Bonitas
706 2328 855 2396 immensa,

350 2410 415 2467 Lux
436 2410 614 2486 angelorum,
635 2409 712 2468 salus
733 2408 938 2484 orphanorum,

433 2492 564 2568 Spesque
585 2501 762 2560 cunctorum,

350 2654 480 2712 Serviunt
501 2655 551 2713 tibi
573 2663 676 2713 cuncta
696 2671 770 2729 quae
791 2652 902 2721 creasti,

348 2734 395 2793 Te
415 2746 480 2793 tuae
502 2746 621 2794 cunctae
642 2735 759 2794 laudant
779 2744 933 2802 creaturae,

347 2815 411 2874 Nos
433 2834 550 2892 quoque
570 2817 621 2874 tibi
641 2815 789 2891 psallimus
809 2814 920 2883 devote,

429 2896 479 2955 Tu
499 2916 554 2956 nos
575 2897 686 2955 exaudi.

348 3059 447 3119 Gloria
467 3060 517 3118 tibi
538 3060 722 3134 omnipotens
742 3058 832 3129 Deus,

347 3141 454 3200 Trinus
474 3151 503 3200 et
523 3159 605 3211 unus,
626 3158 751 3215 maguus
772 3151 801 3200 et
821 3139 959 3208 excelsus,

346 3223 391 3281 Te
412 3225 495 3282 decet
516 3222 649 3300 hymnus,
669 3221 771 3292 honor,
792 3222 854 3282 laus
875 3231 903 3280 et
924 3222 1022 3292 decus,

426 3306 523 3377 Nunc,
543 3316 571 3364 et
591 3306 621 3364 iu
642 3323 752 3364 aevum.
