2514 3934
494 408 651 467 Doctorum.

412 776 417 789 ⁸
496 771 541 812 AD
561 770 695 814 LAUDES.

236 958 298 1017 Vos
320 976 460 1017 succensa
480 956 546 1016 Deo
568 959 719 1035 splendida
739 959 855 1029 lumina,

235 1041 297 1098 Vos
319 1041 368 1109 sal,
390 1058 444 1098 nos
465 1039 597 1112 homines
618 1059 678 1117 quo
699 1042 827 1116 sapimus
848 1042 962 1114 Deum;

235 1124 355 1190 Aevum,
377 1123 440 1197 puri
461 1122 567 1192 anim0,
588 1123 717 1202 moribus
736 1124 848 1198 integri,

317 1203 387 1274 Quo
408 1203 559 1260 condimur
580 1204 610 1261 in
630 1203 759 1261 alterum.

237 1366 291 1424 Per
313 1384 363 1424 vos
386 1364 519 1440 Relligio,
542 1374 659 1441 tutaque
680 1365 796 1424 Veritas

237 1448 291 1504 Per
313 1465 363 1504 vos
385 1446 517 1521 virgineis
539 1445 628 1521 fulget
649 1446 822 1506 honoribus:

237 1529 291 1586 Per
313 1547 364 1586 vos
385 1526 515 1586 Christus
537 1537 615 1585 amat
634 1528 761 1603 pandere
783 1529 882 1587 divites

319 1609 486 1667 Thesauros
508 1609 673 1683 sapientiae.

238 1772 347 1831 Vestris
368 1773 446 1830 unda
466 1771 527 1829 fluit
548 1790 620 1848 pura
640 1771 802 1842 canalibus;

237 1855 342 1913 Christi
363 1853 445 1912 floret
466 1872 534 1929 ager
545 1872 553 1924 ;
573 1854 683 1911 munda
703 1854 772 1911 nitet
795 1872 895 1929 seges:

238 1935 297 1995 Lac
319 1947 418 2011 aptum
439 1936 543 2011 pueris,
565 1945 593 1993 et
614 1935 738 1994 solidum
760 1935 825 1994 viris

316 2017 401 2076 Cauti
422 2017 548 2076 sufficitis
569 2015 674 2074 cibum.

239 2179 279 2238 Hi
301 2190 374 2250 sunt,
396 2199 509 2238 summe
530 2180 620 2251 Deus,
641 2180 690 2256 qui
712 2180 763 2238 tibi
784 2180 921 2250 militant;

238 2261 278 2319 Hi
300 2273 373 2331 sunt,
395 2261 444 2338 qui
466 2262 581 2320 stabiles
602 2262 753 2320 aedificant
774 2262 894 2320 domos:

238 2343 305 2402 Una
325 2344 411 2401 docta
432 2343 535 2401 cohors
557 2361 637 2402 arma
658 2352 736 2401 tenet
756 2360 853 2412 manu,
939 2409 941 2413 ,
964 2345 967 2350 “

223 2433 226 2439 “
320 2424 421 2483 Muros
442 2426 580 2483 construit
601 2424 696 2483 altera.

238 2585 354 2646 Vicistis
376 2589 483 2662 stygias
504 2605 556 2645 vos
577 2588 681 2662 quibus
703 2586 844 2657 haereses,

240 2667 322 2726 Haec
344 2687 398 2726 nos
419 2669 576 2744 accipimus
597 2668 654 2726 tela
675 2669 857 2744 superstites:

239 2748 296 2808 His
317 2768 480 2825 pugnamus
502 2750 604 2820 adhuc,
626 2768 679 2808 nec
701 2749 790 2808 dubio
812 2751 905 2820 exitu;

321 2831 376 2890 His
398 2832 484 2890 armis
505 2849 621 2907 quoque
643 2832 790 2889 vincimus.

240 2995 281 3052 Sit
303 3012 437 3068 suprema
457 2994 507 3051 tibi
527 2994 626 3070 gloria,
648 2993 771 3064 Veritas,

241 3075 325 3145 Quae
339 3093 391 3150 per
405 3075 511 3151 scripta
524 3075 649 3148 Panum,
665 3073 782 3151 quando
796 3075 865 3133 foris
880 3093 974 3144 sonas,

240 3156 328 3214 Nullo
349 3155 427 3214 vocis
448 3174 536 3232 egens
558 3156 647 3216 corda
667 3155 755 3216 doces
777 3175 858 3227 sono,

322 3237 360 3294 Et
381 3248 408 3295 te
429 3239 573 3297 mentibus
594 3239 703 3298 inseris.
