2478 3928
347 442 386 501 In
406 443 627 500 Praesentatione
647 441 770 500 Domini.
903 463 955 516 ¹09

193 608 262 665 Heu
283 625 371 683 quarn
393 615 526 664 cruentus
546 609 728 680 persecutor!
753 623 841 682 quam
863 605 942 662 ferox

193 690 335 764 Insurgit!
361 688 464 758 horret,
486 706 520 745 ac
542 687 615 761 fugit
636 705 706 762 grex
728 706 785 763 qua
806 689 926 763 premit;

196 771 335 829 Humana
355 779 435 827 tanto
456 769 534 826 nulla
554 787 606 844 par
627 769 703 827 hosti
723 788 842 827 manus:

196 853 250 923 Te,
273 852 395 922 Christe,
417 868 534 926 sparsae
555 851 698 908 vindicem
719 861 843 926 poscunt
863 870 940 908 oves.

198 985 286 1042 Hunc
308 1001 377 1058 ergo
398 1000 469 1041 voce
490 983 580 1044 victor
599 1000 658 1040 una
679 983 795 1059 subjicis
806 1002 814 1052 ;

199 1066 310 1123 Totum
333 1065 465 1122 seduno
488 1063 587 1123 subdis
608 1065 637 1121 in
660 1063 747 1123 Saulo
768 1065 827 1134 tibi,

199 1147 356 1221 Vincisque
377 1146 519 1208 mundum
529 1163 537 1216 3
561 1146 662 1207 sternis
684 1155 715 1203 ut
735 1165 804 1208 mox
827 1146 928 1218 erigas,

198 1230 348 1303 Agnisque
369 1228 507 1303 praedam
526 1226 634 1284 dividat
655 1228 739 1303 lupus
760 1229 823 1286 tuis.

203 1361 245 1418 Sit
266 1360 399 1418 Trinitati
420 1359 594 1435 sempiterna
614 1360 712 1434 gloria,

204 1442 317 1513 Honor,
339 1450 476 1517 potestas,
498 1450 584 1516 atque
603 1441 741 1516 jubilatio,

204 1524 238 1580 [n
259 1524 374 1589 unitate,
397 1540 471 1598 quae
492 1523 656 1597 gubernans
678 1522 783 1586 omnia,

203 1605 258 1662 Per
279 1616 382 1663 cuncta
402 1613 502 1680 regnat
523 1604 685 1664 seculorum
707 1603 810 1661 secula.

505 1854 577 1916 Fan.
602 1875 631 1920 a.

256 2025 299 2081 IN
323 2023 703 2085 PRAESENTATIONE
724 2024 888 2085 DOMINI.

391 2180 436 2222 AD
458 2179 574 2223 PRIMAS
597 2180 757 2225 VESPERAS.

256 2299 371 2374 Templi
393 2306 517 2356 sacratas
538 2299 642 2373 pande,
666 2299 744 2365 Sion,
766 2300 859 2367 sores;

255 2380 384 2438 Christus
406 2380 540 2438 sacerdos
561 2380 645 2437 intrat
665 2389 694 2437 et
714 2381 824 2444 hostia:

259 2461 370 2520 Cedant
392 2462 491 2519 inanes
513 2461 629 2532 veritati,

259 2543 342 2614 Quae
364 2561 395 2601 se
418 2542 521 2600 animis
542 2544 640 2618 aperit,
663 2543 778 2618 figurae.

261 2673 330 2731 Non
351 2673 519 2731 immolandi
538 2674 599 2749 jam
620 2674 765 2750 pecudum
786 2692 898 2749 greges,

262 2755 394 2812 Fumabit
415 2765 474 2812 ater
495 2773 555 2812 non
576 2774 659 2813 cruor
679 2755 820 2834 amplius;

261 2836 307 2892 En
328 2838 390 2912 ipse
411 2836 553 2911 placando
574 2836 688 2894 Parenti

263 2917 329 2993 Ipse
351 2918 410 2976 suis
431 2917 512 2976 Deus
533 2918 626 2996 adstat
647 2919 711 2977 aria.

264 3050 355 3124 Virgo
376 3049 488 3108 latentis
510 3051 626 3108 conscia
647 3049 790 3115 Numinis,

265 3131 400 3190 Demissa
420 3131 521 3197 vultus
543 3149 630 3207 quem
651 3132 761 3207 peperit
782 3131 887 3198 Deum,

267 3209 355 3270 Hunc
375 3222 468 3287 gestat
489 3213 579 3284 ulnis;
602 3231 820 3289 pauperumque

266 3293 389 3352 Munera
410 3293 463 3352 fert
483 3303 595 3352 teneras
616 3295 752 3353 volucres.
