2478 3928
290 449 343 488 110
494 427 532 487 In
554 431 776 488 Praesmtotiime
795 429 918 489 Dormiu'.

365 593 423 651 Hic
445 594 539 652 omnis
561 605 647 664 aetas,
670 595 765 652 omnis
786 603 814 652 et
835 596 941 653 adstitit

366 676 466 741 Sexus,
488 677 652 752 propinquo
673 675 801 734 Numine
821 677 948 752 pleni0r;

363 756 475 816 Omnes
496 756 654 816 anhelantis
675 767 717 815 tot
738 775 830 816 annos

365 838 451 896 Nune
473 839 539 897 fidei
560 839 683 915 pretium
704 849 857 915 reportant.

366 1001 470 1059 Testes
491 1010 533 1058 tot
554 1002 633 1072 inter,
655 1003 851 1077 magnanimo,
873 1003 962 1072 Deus,

366 1083 434 1140 Tibi
454 1083 551 1140 litabat
573 1084 655 1141 firma
675 1083 787 1158 silentio

362 1161 454 1221 Verbi
476 1164 583 1223 silentis
604 1175 684 1224 muta
705 1175 813 1240 mater:

366 1246 478 1304 Cuncta
499 1246 597 1305 animo
617 1247 731 1322 penitus
752 1249 908 1324 premebat.

366 1409 407 1467 Sit
429 1427 542 1467 summa
563 1409 647 1481 Patri,
670 1429 840 1487 summaque
861 1413 941 1482 Filio,

366 1491 529 1566 Sanctoque
550 1509 670 1567 compar
690 1494 781 1568 gloria
801 1493 940 1552 Flamini:

366 1573 486 1630 Sanctae
508 1573 621 1632 litemus
643 1569 775 1632 Trinitati

366 1654 508 1728 Perpetuo
529 1655 577 1730 pia
598 1656 685 1714 corda
706 1657 790 1714 cultu.

512 2018 558 2064 AD
580 2014 733 2066 osticium
756 2020 852 2064 NOCT.

365 2216 489 2281 Fumant
511 2221 629 2280 Sabaeis
650 2221 758 2298 templa
778 2222 947 2296 vaporibus;

366 2303 430 2363 Nos
452 2323 532 2363 sacra
552 2313 691 2379 poscunt:
711 2306 772 2380 jam
793 2304 883 2380 praeit
903 2304 1012 2376 hostia;

366 2387 526 2462 Sequamur
547 2403 657 2455 omnes,
679 2395 708 2443 et
728 2386 852 2444 vicissim

365 2468 441 2525 Puro
463 2465 560 2525 animo
581 2483 725 2526 memores
747 2468 883 2548 litemus„

366 2629 479 2687 Lumen
499 2630 638 2688 ministret
660 2629 836 2704 splendidior
858 2631 945 2690 fides:

325 2754 329 2760 .
365 2711 507 2769 Ministret
528 2711 610 2786 ignes
631 2711 766 2770 flammea
787 2713 887 2771 caritas
898 2732 905 2782 ;

365 2793 534 2868 Fundatque
557 2792 667 2868 divinos
689 2793 813 2852 honores

365 2873 511 2932 innocuae
532 2875 610 2934 bona
630 2873 708 2932 sama
728 2876 809 2934 vitae.

364 3035 447 3095 Vitae
469 3037 598 3095 nocentis
620 3037 689 3112 quid
710 3037 848 3096 trahimus
868 3039 984 3097 moras?

366 3119 407 3178 Sit
428 3118 472 3178 sas
492 3119 579 3176 beato
600 3137 666 3176 cum
688 3137 757 3178 sene
779 3121 920 3178 commori
931 3139 938 3190 ;

365 3199 405 3259 Ut
427 3219 514 3276 quem
536 3201 590 3258 sub
611 3200 666 3259 aris
688 3201 868 3259 immolatum

365 3281 507 3353 Vidimus,
529 3281 585 3341 hoc
607 3282 693 3340 etiam
706 3283 849 3341 ¹fruamur.
