2514 3934
254 477 256 483 ’
339 485 378 545 In
398 484 620 545 Praesentattbm
640 485 678 545 B.
699 483 823 546 Mariae.
924 490 976 561 165

254 653 305 710 Sic
326 669 428 710 aurora
447 651 515 708 novi
536 649 635 708 nuntia
655 650 778 722 lumime,

257 734 356 792 Primo
377 751 463 790 mane
484 732 551 789 latet
572 732 698 792 nubibus
720 733 828 805 obsita3

337 815 411 873 Mox
431 813 524 873 solem
544 813 677 888 paritum,

338 896 460 954 Plenum
481 895 531 971 qui
550 895 654 955 referat
675 895 760 954 diem.

254 1060 309 1118 Sol
330 1059 360 1116 in
381 1059 508 1134 virgineo
526 1067 646 1134 pectore
666 1059 787 1134 praeviis

254 1142 400 1199 Ardorem
421 1139 506 1198 rafflis
523 1139 644 1199 suscitat
664 1140 814 1199 intimum:

339 1222 408 1280 Hoc
429 1221 572 1280 foecundo
592 1221 686 1280 calore

339 1303 438 1362 Virtus
459 1304 544 1363 insita
561 1303 712 1378 germinat

258 1467 298 1524 Ut
319 1466 372 1525 sert
392 1467 486 1541 prima
506 1466 588 1525 novis
608 1483 729 1524 munera
749 1465 897 1525 frondibus

256 1549 354 1607 Arbos
375 1548 472 1623 irrigui
493 1547 579 1606 sontis
600 1547 630 1604 in
650 1547 747 1618 alveo;

339 1629 476 1688 Fructum
496 1628 588 1705 Virgo
609 1629 717 1700 datm,

340 1711 411 1771 Sese
432 1711 551 1770 floribus
570 1710 670 1769 induit

256 1849 301 1931 Sit
322 1891 458 1949 suprema
477 1873 529 1931 tibi
549 1872 648 1950 gloria,
667 1871 812 1946 Trinitas3

254 1954 327 2027 Quo
348 1955 440 2031 Virgo
461 1964 589 2014 teneram
610 1973 642 2014 se
662 1966 746 2014 vovet
766 1955 897 2026 hostiam,

340 2036 406 2094 Puri
427 2036 547 2094 Flamen
568 2037 682 2108 amoris,

339 2118 397 2177 Fac
418 2137 473 2178 nos
490 2119 552 2195 jam
573 2119 624 2177 tibi
644 2119 745 2178 vivere.

475 2461 521 2505 AD
543 2461 677 2507 LAUDES·

337 2663 367 2724 Ο
389 2673 486 2723 sancte
507 2663 680 2724 Sanctorum
699 2664 789 2738 Deus,

336 2745 437 2818 Quam
458 2764 531 2822 pura
550 2764 615 2805 sese
637 2747 755 2807 devovet

338 2827 443 2903 Ignota
463 2828 559 2904 prisco
580 2827 696 2899 foederi,

336 2909 421 2968 Tuas
443 2909 480 2967 ad
501 2927 564 2968 aras
585 2908 697 2968 hostia!

333 3071 442 3130 Afflata
461 3089 535 3148 puro
556 3071 691 3144 lemine,

337 3153 458 3213 Taedae
477 3154 591 3232 jugales
611 3173 750 3230 respuens

338 3233 441 3307 Maria,
463 3236 557 3294 vinclo
577 3237 702 3312 perpetis

337 3315 378 3375 Se
400 3317 535 3377 castitatis
556 3318 673 3394 obligat.
