2514 3934
557 397 788 473 Preslnterorum.

353 552 483 615 Luminis
506 559 648 634 splendor,
671 562 762 624 Patris
783 585 841 625 una
861 569 966 644 proles

352 635 474 708 Christe,
497 650 524 697 te
545 659 654 716 pronus
675 659 823 706 veneretur
844 651 930 721 orbis,

353 715 412 787 Qui
435 721 597 782 sacerdotes
618 743 670 800 per
691 729 807 788 Amoris
829 732 896 789 almi

434 797 553 860 Flamen
574 806 697 883 inungis.

569 1092 615 1133 AD
637 1091 771 1137 LAUDES.

350 1283 377 1341 O
400 1283 587 1343 Sacerdotum
608 1287 770 1346 veneranda
788 1290 867 1365 jura!

348 1365 411 1423 Ceu
433 1367 508 1425 vices
530 1366 634 1426 Christi
655 1378 779 1440 teneant,
802 1370 899 1428 salutis

347 1448 460 1519 Arbitri,
482 1448 625 1519 claudunt,
646 1462 828 1528 reserantque
849 1453 934 1510 nobis

429 1531 509 1588 Atria
529 1531 610 1588 coeli.

348 1691 444 1751 Omne
466 1695 625 1769 pendentes
647 1696 739 1774 scelus
761 1697 789 1753 in
811 1691 914 1755 statera

348 1774 423 1831 Cum
445 1794 525 1852 reum
547 1775 667 1848 solvunt,
689 1776 770 1836 Deus
791 1777 852 1854 ipse
874 1779 972 1852 solvit;

347 1854 423 1912 Cum
444 1856 532 1932 ligant
554 1869 676 1928 sontem,
697 1857 777 1918 Deus
799 1860 860 1935 ipse
882 1863 972 1922 sontis

427 1937 551 1996 Vincula
573 1941 666 1997 nectit.
861 1933 865 1944 '

309 2112 311 2117 ·
345 2099 442 2169 Quam
463 2119 566 2160 manus
588 2103 695 2162 morbis
717 2101 852 2163 adhibent
873 2110 993 2183 peritasl

344 2181 420 2239 Cum
442 2194 547 2248 secant,
569 2201 683 2261 semper
703 2187 752 2262 pia
773 2187 872 2246 dextra
893 2194 1001 2267 caedit;

343 2263 419 2321 Cum
440 2263 545 2335 fovent,
567 2284 681 2341 semper
701 2269 749 2345 pia
769 2266 836 2326 lenit
857 2288 968 2346 ungens

426 2345 552 2405 Vulnera
573 2349 680 2407 dextra.

343 2506 441 2565 Verba
462 2510 531 2568 dum
552 2523 696 2586 promunt,
717 2520 842 2591 populos
863 2521 954 2582 fidelis

343 2588 457 2665 Excipit
478 2610 588 2663 vocem,
610 2595 731 2672 cupidus
753 2597 866 2672 doceri;

344 2668 460 2746 Nempe
483 2674 593 2732 divinae
615 2694 696 2735 sacra
717 2680 803 2738 verba
823 2681 894 2758 legis

428 2753 528 2812 Mente
550 2757 716 2817 recondunt.

344 2916 461 2974 Irruens
483 2917 608 2993 prompti
630 2920 764 2980 cohibere
786 2923 905 2997 lulmen,

343 2996 424 3054 Stant
446 2998 482 3055 ab
504 3000 632 3070 advers0,
653 3001 870 3083 Dominumque
892 3011 952 3086 pla-

477 3090 488 3137 t

341 3098 531 3219 Vindicaens’in
553 3179 607 3220 nos
628 3165 741 3240 quoties
762 3170 799 3226 ab
821 3169 878 3229 alto

422 3241 540 3319 Depluit
561 3243 624 3304 iras.
