2408 3904
259 438 317 506 384

442 431 538 490 Missa
553 431 584 488 de
598 429 701 506 Septem
715 429 873 490 Doloribus.

420 565 477 623 Fac
499 573 530 621 ut
551 563 648 621 ardeat
669 581 718 621 cor
739 582 837 622 meum

420 648 455 704 In
477 645 602 704 amando
624 644 769 702 Christum
790 645 895 716 Deum,

457 727 497 785 Ut
520 728 572 785 sibi
594 727 799 803 complaceam.

420 843 524 901 Sancta
547 842 647 912 Mater,
670 841 746 899 istud
767 861 845 918 agas

417 924 551 983 Crucifixi
573 924 629 998 fige
650 923 750 998 plagas

460 1005 548 1064 Cordi
569 1022 636 1061 meo
660 1005 769 1062 valide:

420 1087 478 1144 Tui
492 1087 550 1143 nati
571 1086 715 1156 vulnerati,

417 1169 483 1245 Jam
505 1168 612 1242 dignati
633 1185 686 1242 pro
707 1186 755 1224 me
776 1169 842 1242 pati,

458 1249 571 1307 Poenas
592 1267 707 1306 mecum
728 1249 829 1306 divide.

419 1364 477 1422 Fac
499 1382 546 1421 me
567 1382 632 1420 vere
653 1373 749 1420 tecum
774 1363 849 1428 flere,

419 1445 563 1504 Crucifixo
585 1444 747 1513 condolere,

457 1527 560 1592 Donec
582 1544 637 1600 ego
658 1526 773 1583 vixero:

416 1608 502 1685 Juxta
524 1625 638 1665 crucem
659 1616 754 1664 tecum
776 1617 857 1676 stare,

418 1691 463 1748 Te
485 1691 604 1746 libenter
625 1689 734 1746 sociare

457 1771 493 1828 In
514 1771 629 1846 planctu
650 1769 790 1827 desidero.

417 1885 508 1960 Virgo
528 1883 669 1958 virginum
690 1883 841 1958 praeclara,

417 1966 490 2023 Mihi
509 1966 569 2041 jam
590 1982 650 2021 non
671 1965 709 2022 sis
730 1982 835 2032 amara,

456 2047 515 2104 Fac
536 2065 584 2102 me
606 2056 702 2102 tecum
723 2046 874 2120 plangere3

417 2129 474 2186 Fac
495 2137 526 2184 ut
546 2137 659 2202 portem
674 2125 778 2184 Chiisti
799 2136 930 2195 mortem,

417 2209 562 2267 Passionis
584 2209 645 2284 ejus
667 2217 773 2265 sortem

359 2349 361 2354 ,
458 2290 495 2347 Et
509 2289 609 2365 plagas
631 2290 762 2347 recolere.

417 2406 474 2464 Fac
496 2423 543 2462 me
565 2405 657 2480 plagis
678 2406 824 2475 vulnerari,

418 2487 510 2546 Cruce
532 2486 585 2545 hac
607 2487 746 2557 inebriari,

456 2568 504 2628 Ob
525 2587 653 2627 amorem
675 2569 745 2626 Filii.

418 2651 616 2709 inflammatus
637 2661 665 2708 et
686 2669 824 2708 accensus

417 2732 472 2789 Per
492 2743 528 2802 te,
550 2732 649 2808 Virg0,
671 2733 725 2790 sim
745 2731 881 2790 defensus

457 2813 493 2870 ln
513 2815 560 2871 die
579 2814 685 2890 judicii.

417 2927 475 2984 Fac
496 2946 543 2984 me
565 2945 648 2985 eruce
670 2927 814 2997 custodiri,

416 3009 511 3066 Morte
534 3007 638 3066 Christi
659 3009 840 3083 praemuniri,

457 3089 612 3148 Consoveri
633 3090 732 3166 gratia.

416 3169 543 3242 Quando
564 3189 669 3246 corpus
690 3172 833 3242 morietur,

403 3253 474 3311 .Fac
496 3263 526 3311 ut
548 3254 659 3311 animae
681 3254 810 3324 donetur,

399 3329 404 3340 '
456 3333 582 3394 Paradisi
602 3336 700 3411 gloria.
