2478 3928
353 395 391 456 In
411 395 573 456 Arcensr'one
592 393 716 458 Donu‘m'.
897 403 933 474 83

256 559 311 632 Da,
333 559 454 632 Christe,
475 577 529 618 nos
549 568 645 618 tecum
658 564 748 634 mori;

258 643 371 701 Tecum
392 643 477 701 simul
498 641 535 699 da
556 659 688 718 surgere:

257 724 385 784 Terrena
406 725 443 783 da
463 732 664 797 contemnere;

257 807 363 866 Amare
384 807 423 865 da
443 805 585 865 coelestia

199 999 202 1004 Δ
258 969 301 1027 Sit
320 969 382 1027 laus
402 969 479 1027 Patri
489 992 497 1044 3
518 970 580 1029 laus
601 968 682 1040 Filio,

258 1050 318 1122 Qui
338 1067 401 1121 nos,
421 1052 594 1129 triumphata
613 1069 694 1122 nece,

257 1133 306 1190 Ad
327 1142 402 1190 astra
423 1151 522 1192 secum
543 1134 602 1193 dux
624 1143 725 1190 vocat:

259 1213 387 1289 Compar
407 1215 458 1272 tibi
478 1215 548 1286 laus,
571 1214 699 1291 Spiritus.
820 1233 823 1240 ’

279 1456 324 1514 ΙΝ
345 1457 604 1518 ASCENSIONE
624 1454 789 1518 DOMINI.

227 1635 274 1678 AD
297 1634 413 1680 PRIMAS
436 1636 481 1680 ET·
500 1635 664 1680 SECUNDAS
687 1635 848 1694 VESPERAS·

261 1787 344 1864 Opus
365 1789 500 1864 peregisti
520 1798 618 1846 tuum:

261 1869 315 1939 Te,
337 1868 457 1941 Christe,
479 1870 616 1928 victorem
636 1870 715 1928 necis

260 1951 393 2022 heterna,
415 1969 503 2027 quarn
523 1952 686 2027 reliqueras,

261 2031 354 2091 Coelo
374 2035 499 2109 reposcit
517 2033 616 2109 gloria.

261 2194 328 2274 Jam
349 2196 427 2253 nube
448 2205 546 2254 vectus
567 2194 684 2271 fulgida,

262 2275 368 2335 Terras
386 2277 515 2352 jacentes
537 2277 677 2352 despicis:

260 2357 373 2416 Educta
392 2357 482 2434 longo
502 2377 616 2417 carcere

262 2438 376 2514 Regem
397 2449 554 2516 sequuntur
574 2439 697 2515 agmina

264 2601 388 2660 Mirante
409 2612 502 2660 turma
523 2601 666 2672 coelitum,

222 2739 225 2746 .
263 2683 431 2742 Panduntur
451 2694 582 2743 aeternae
604 2683 679 2741 fores
689 2701 697 2754 ς

264 2764 421 2840 Ovansque
442 2766 595 2824 sublimem
617 2764 708 2822 Patris

265 2845 366 2905 Homo
386 2847 467 2906 Deus
489 2847 603 2906 scandis
623 2845 764 2905 thronum.

265 3007 326 3066 Illic
346 3018 492 3084 patronus,
507 3009 643 3086 pontifex,

264 3089 347 3148 Pacis
369 3100 522 3167 sequester,
544 3109 631 3166 quem
653 3099 702 3148 tua

266 3169 362 3230 Semel
382 3173 508 3249 profudit
528 3175 638 3244 caritas

264 3251 376 3312 Offerre
397 3256 493 3330 pergis
514 3255 692 3330 sanguinem.

638 3353 659 3394 a
675 3353 692 3390 a
