2456 3904
331 386 369 444 In
382 385 463 445 Festo
479 383 611 462 Corporis
627 383 745 448 Christi.
880 403 914 464 27
920 411 935 466 5

220 535 322 594 Noctis
341 535 473 595 recolitur
494 553 585 594 coena
605 536 767 608 novissima,

219 617 286 689 Qua
307 617 437 677 Christus
451 617 703 694 credittuagnum
723 628 753 677 et
773 636 875 696 azyma
908 677 911 692 ,
1007 653 1013 658 -

217 698 340 759 Dedisse
361 699 500 766 fiatribus,
520 700 601 777 juxta
621 700 749 776 legitima

297 782 401 841 Priscis
425 781 534 840 indulta
557 781 693 856 patn'bus.

214 943 283 1001 Post
304 962 412 1019 agnum
432 943 568 1022 typicuun,
589 944 710 1019 expietis
732 945 832 1023 epulis

214 1025 329 1102 Corpus
349 1026 536 1087 Dominicum
558 1025 657 1084 datum
678 1027 832 1102 discipulis,

214 1106 261 1165 Sic
282 1117 374 1165 totum
393 1109 536 1178 omnibus,
552 1107 632 1186 quod
652 1116 745 1166 totum
766 1109 892 1185 singulis,

288 1188 362 1264 -Ejus
382 1189 505 1248 fatemur
524 1188 665 1248 manibus.

209 1349 297 1408 Dedit
318 1350 465 1426 fragilibus
486 1352 614 1427 corporis
635 1350 783 1423 ferculum,

210 1431 298 1489 Dedit
319 1443 347 1490 et
367 1432 493 1491 tristibus
515 1432 662 1509 sanguinis
682 1434 828 1508 poculum,

209 1512 325 1584 Dicens,
347 1513 478 1589 Accipite
499 1515 578 1592 quod
598 1513 680 1574 tsado
701 1516 857 1587 vasculum,

292 1595 403 1655 Omnes
424 1613 458 1653 ex
482 1614 518 1654 eo
538 1595 635 1654 bibite.

208 1758 255 1816 Sic
277 1759 445 1819 sacrificium
466 1757 542 1818 istud
564 1757 690 1829 instituit,

206 1838 297 1916 Cujus
319 1841 446 1899 officium
466 1840 606 1898 committi
627 1840 715 1898 voluit

207 1921 281 1981 Solis
302 1921 483 1998 presbyteris,
506 1923 611 2000 quibus
632 1922 673 1980 sic
695 1924 834 1998 congruit,

287 2002 327 2062 Ut
348 2013 470 2075 sumant,
492 2013 521 2062 et
542 2004 610 2062 dent
631 2004 740 2063 ceteris.

205 2163 290 2224 Panis
312 2166 457 2241 angelicus
479 2167 510 2225 fit
530 2168 613 2243 panis
634 2166 802 2225 hominum:

201 2244 259 2303 Dat
279 2248 361 2321 panis
382 2248 506 2306 coelicus
527 2248 624 2324 figun's
645 2250 817 2306 terminum:

202 2325 230 2383 Ο
251 2345 297 2384 res
317 2329 461 2399 mirabilis,
484 2330 639 2389 manducat
660 2330 820 2389 Dominum

284 2407 405 2484 Pauper,
427 2428 533 2481 servus,
556 2421 584 2469 et
604 2411 727 2471 humilis.

201 2569 247 2627 Te
266 2571 339 2628 trina
360 2570 460 2632 Deitas
481 2589 596 2650 unaque
617 2573 774 2648 poscimus,

200 2651 247 2709 Sic
268 2669 323 2711 nos
343 2663 375 2712 tu
395 2653 484 2724 visita,
506 2654 627 2713 sicutte
648 2654 787 2714 colimus:

198 2732 253 2792 Per
273 2745 336 2794 tuas
358 2736 473 2796 semitas
495 2734 551 2794 duc
571 2753 626 2794 nos
645 2754 705 2813 quo
725 2737 876 2808 tendimus,

278 2817 326 2874 Ad
346 2818 448 2890 lucem,
471 2835 557 2895 quam
579 2817 729 2880 inhabitas.
