2514 3934
476 1173 773 1242 PRAEFATIO.

226 1760 266 1806 Nn
282 1761 366 1806 mirum
383 1759 432 1814 tibi,
448 1758 531 1804 Lector
547 1757 665 1811 benevole,
677 1756 788 1812 videatur,
805 1757 918 1818 Hymnos,
930 1772 986 1816 quos
1004 1757 1026 1803 in

203 1909 210 1950 2
224 1877 329 1932 nrarribus
341 1884 419 1939 habes,
431 1891 454 1929 et
469 1883 564 1930 materie
575 1889 677 1928 vetustos
689 1889 712 1927 et
730 1882 789 1936 stilo,
801 1881 914 1928 hodiernis
931 1883 991 1944 typis
1004 1891 1027 1929 et

226 2009 388 2056 hodiernorum
408 2007 482 2055 favori
502 2022 550 2053 esse
570 2007 752 2055 conunendatos,
785 2005 841 2052 Non
861 2006 922 2052 enim
943 2007 983 2054 abs
1004 2016 1027 2053 te

226 2132 331 2194 exigitur,
343 2139 369 2177 ut
381 2130 488 2190 quicquid
499 2129 536 2175 hic
548 2129 657 2188 scriptum
668 2128 788 2183 inveneris,
800 2128 824 2173 id
839 2128 863 2172 in
874 2128 948 2175 sinum
960 2137 1025 2174 tuum

226 2256 319 2315 recipias
331 2253 400 2308 illico,
411 2253 497 2312 absque
509 2251 579 2297 animi
595 2251 640 2296 ulla
652 2251 816 2297 exercitatione
828 2259 867 2296 aut
878 2251 964 2310 judicio
976 2261 1026 2298 tuo.

225 2379 306 2437 Neque
318 2377 357 2436 qui
372 2384 449 2422 totum
466 2373 551 2434 aliquid
567 2374 614 2420 edit
625 2375 648 2419 in
664 2373 788 2433 publicum,
800 2373 863 2419 illum
875 2382 966 2433 oportet
978 2375 1028 2419 uni·

226 2492 284 2537 versi
295 2491 369 2550 operis
380 2490 403 2535 in
417 2490 504 2552 singula
522 2504 625 2548 quaeque
640 2490 722 2548 jurare,
734 2498 774 2536 aut
791 2491 814 2535 in
831 2505 905 2536 rerum
923 2491 1026 2550 squalore

225 2601 341 2660 irnmorari
353 2613 415 2672 quod
425 2613 449 2657 in
465 2610 601 2671 antiquitate
612 2620 720 2663 versatur.
754 2612 804 2658 Alia
821 2613 928 2660 nimirum
941 2623 992 2660 sunt
1004 2615 1027 2660 in

226 2737 380 2786 monumentis
391 2745 494 2783 veterum
506 2736 612 2796 simplicis
629 2751 656 2782 ac
667 2736 775 2796 pristinae
790 2747 886 2784 naturae
897 2739 1010 2785 elementa
1017 2733 1026 2795 Ι;

226 2874 315 2919 prorsus
327 2857 387 2904 aliud
399 2866 531 2904 concretum
543 2857 632 2912 vitium,
644 2866 667 2903 et
679 2858 754 2904 sordes
766 2866 903 2919 temporum.
931 2859 1026 2906 Cordati

225 2993 304 3030 autern
315 2983 414 3029 hominis
431 2992 472 3038 est,
483 2998 557 3042 neque
573 2983 676 3029 obsoleta
694 2997 735 3042 pro
752 2982 837 3043 priscis,
849 2997 891 3028 nec
908 2984 1025 3045 peregrina

225 3121 267 3166 pro
279 3105 341 3152 falsis
352 3105 443 3151 habere.

259 3232 329 3289 Quod
349 3231 441 3290 quidem
459 3230 547 3290 optimo
564 3231 658 3277 consilio
675 3238 754 3276 actum
771 3238 804 3275 est
821 3228 877 3275 olim
895 3244 907 3274 a
925 3229 1026 3288 patribus
