2456 3904
394 403 432 462 In
456 403 548 482 Officio
568 405 606 463 B.
621 403 745 464 Mariae.

333 567 423 626 Beata
443 569 516 626 coeli
535 568 644 639 nuntio,

335 650 470 709 Fecunda
491 659 590 709 sancto
612 649 725 725 Spiritu,

333 731 517 792 Desideratus
538 733 671 808 gentibus
719 793 723 802 ,

333 813 423 890 Cujus
443 833 495 889 per
516 813 610 872 alvum
631 814 711 872 fusus
732 824 782 873 est.

331 975 410 1053 Jesu‚
431 978 482 1037 tibi
504 977 539 1036 sit
559 977 658 1052 gioria,

333 1057 393 1130 Qui
412 1068 496 1118 natus
518 1076 549 1118 es
571 1058 607 1116 de
627 1057 755 1133 Virgine,

332 1139 408 1197 Cum
428 1141 511 1198 Patre
533 1149 561 1198 et
582 1140 659 1198 almo
680 1139 794 1214 Spiritu,

333 1221 368 1278 In
390 1223 563 1300 sempiterna
584 1221 704 1279 saecula.

466 1531 512 1573 AD
535 1530 667 1574 LAUDES.

334 1687 361 1746 O
382 1686 506 1763 gloriosa
527 1684 688 1761 Virginum,
811 1732 815 1752 ,

331 1767 465 1826 Sublimis
486 1767 558 1824 inter
579 1766 687 1835 sidera;

332 1849 391 1921 Qut
411 1858 440 1906 te
461 1848 572 1918 creavit,
592 1846 742 1922 parvulum

330 1931 466 1990 Lactente
487 1929 575 1988 nutris
596 1930 691 1987 ubere.

331 2094 420 2166 Quod
441 2093 526 2151 Heva
546 2092 631 2150 tristis
652 2090 774 2158 abstulit,

331 2176 379 2232 Tu
399 2175 494 2234 reddis
515 2174 592 2232 almo
612 2173 757 2249 germine:

331 2258 439 2315 Intrent
459 2265 490 2314 ut
510 2265 585 2314 astra
606 2255 722 2325 flebiles,

331 2339 412 2396 Coeli
433 2337 554 2395 recludis
575 2336 713 2396 cardines.

330 2502 379 2558 Tu
399 2501 474 2575 regis
496 2499 543 2556 alti
562 2499 657 2574 janua,

330 2582 367 2640 Et
388 2581 452 2638 aula
472 2580 543 2638 lueis
563 2580 687 2655 fulgida:

328 2664 426 2721 Vitam
448 2663 544 2720 datam
564 2679 616 2738 per
637 2658 793 2734 Virginem,

329 2745 438 2803 Gentes
459 2744 625 2820 redemptae
646 2740 779 2818 plaudite.

329 2907 407 2985 Jesu‚
428 2908 479 2965 tibi
500 2907 535 2965 sit
555 2906 653 2982 gloria,

331 2989 390 3061 Qui
410 2998 493 3048 natus
514 3007 545 3047 es
567 2989 603 3046 de
624 2987 751 3062 Virgine,

330 3070 406 3129 Cum
427 3071 509 3128 Patre
530 3080 558 3129 et
579 3070 656 3128 almo
678 3069 791 3144 Spiritu,

331 3152 365 3209 In
386 3152 558 3228 sempiterna
579 3152 699 3212 saecula.

789 3336 841 3374 X2

849 463 852 470 .
910 420 964 480 307
