2478 3928
351 431 390 490 In
411 432 632 492 Praesmtatzime
652 427 775 488 Domini.
911 445 962 483 111

246 597 288 654 Sit
309 611 423 654 summa
443 596 527 665 Patri,
550 611 721 669 summaque
741 593 823 663 Filio,

248 678 411 754 Sanctaque
432 695 551 753 compar
572 676 662 751 gloria
683 675 822 744 Flamini;

248 759 369 818 Sanctae
390 759 504 818 litemus
526 757 659 815 Trinitati

248 841 390 917 Perpetuo
410 842 459 917 pia
480 840 568 898 eorda
589 837 673 896 cultu.

469 1164 515 1206 AD
537 1162 672 1214 LAUDEs,

254 1392 313 1464 Qui
335 1392 422 1450 sacris
443 1386 529 1450 hodie
551 1391 657 1450 sistitur
679 1391 742 1460 aris,

256 1474 316 1531 Stat
338 1473 452 1548 signum
473 1473 588 1549 populis
609 1473 745 1529 omnibus
767 1472 876 1529 infans:

253 1555 336 1613 Idem
356 1555 494 1631 Judaicae
514 1555 605 1630 gloria
626 1555 728 1629 gentis,

255 1637 291 1694 Et
313 1637 364 1694 toti
385 1655 459 1695 nova
480 1637 529 1694 lux
549 1636 647 1694 addita
667 1636 785 1693 mund0.

256 1798 375 1858 Plausus
396 1799 525 1858 insolitos
547 1798 625 1857 audit
645 1808 764 1874 uterque

257 1879 434 1957 Miraturque
454 1899 575 1957 parens:
604 1889 670 1938 vota
691 1880 835 1938 faventum

258 1960 340 2020 Votis
362 1957 515 2039 excipiunt,
537 1972 564 2020 et
586 1981 638 2021 sua
658 1962 739 2020 laetis

258 2043 428 2102 Gratantunr
449 2044 593 2102 ominibus
614 2044 720 2118 gaudia
740 2043 869 2102 miscent.

260 2205 380 2264 Afflatae
402 2207 496 2266 subito
517 2207 645 2264 Numine
666 2215 777 2265 mentes

261 2285 317 2344 Vix
339 2307 402 2346 sese
423 2289 557 2364 capiunt:
587 2305 711 2364 spesque
733 2288 831 2346 salutis

261 2367 327 2427 Hac
347 2370 457 2428 inclusa
477 2380 560 2429 tenus
582 2371 669 2428 corde
690 2369 744 2428 sub
767 2370 834 2439 ilno,

261 2449 335 2525 Ipsis
354 2453 415 2527 jam
435 2452 569 2510 manibus
590 2466 694 2527 prensa
715 2461 833 2508 tenetur.

260 2613 357 2684 Quem
379 2612 474 2670 videre
496 2613 596 2688 procul
616 2622 713 2671 mente
735 2612 905 2688 Prophetae,
1013 2627 1023 2642 ‘

261 2693 346 2751 Nune
368 2705 395 2751 te
417 2694 469 2753 das
491 2694 589 2765 oculis,
611 2688 732 2765 Christe,
755 2694 926 2765 ituendum3

262 2773 333 2834 Mox
354 2775 431 2833 idem
453 2775 545 2846 feries,
567 2790 617 2834 ora
637 2776 791 2846 resolvens,

262 2856 354 2916 Dictis
376 2847 509 2916 attonitas
530 2858 687 2932 grandibus
708 2875 799 2916 aures.

265 3018 295 3076 Si
316 3019 420 3078 nostris
440 3019 531 3078 modo
552 3031 580 3078 te
602 3021 734 3079 sensibus
755 3019 859 3089 aufers,

264 3097 379 3158 Horum
400 3101 482 3160 firma
503 3103 575 3161 fides
596 3103 727 3178 suppleat
748 3119 833 3160 usum
844 3120 851 3172 ;

266 3178 332 3240 Hac
353 3194 389 3253 te,
412 3183 533 3255 Christe,
554 3201 643 3242 manu
664 3193 781 3259 tangere
803 3184 845 3241 fas
867 3193 926 3241 est:

269 3261 303 3320 In
324 3265 438 3340 templis
458 3266 566 3325 resides
587 3284 663 3324 nune
685 3283 801 3342 quoque
821 3267 934 3323 nostris.
