2478 3928
278 377 316 432 86

493 379 532 438 In
556 379 660 442 Octava
680 386 861 453 Ascensnns.

438 542 507 618 Ipsa
526 554 555 602 te
576 558 662 622 cogat
680 551 771 626 pietas

438 624 478 682 Ut
496 627 574 684 mala
595 639 692 688 nostra
713 652 830 709 superes

426 705 595 780 ·Parcend0,
616 720 645 768 et
665 715 723 772 voti
744 731 894 795 compotes

437 787 501 846 Nos
522 799 572 848 tuo
593 793 671 851 vultu
691 797 785 857 saties.

436 949 484 1007 Tu
505 962 567 1010 esto
588 964 718 1016 nostrum
738 963 884 1036 gaudium,

436 1031 495 1102 Qui
516 1052 547 1092 es
568 1033 678 1096 futurus
698 1046 874 1115 praemium:

435 1112 519 1172 Inte
541 1116 576 1175 sit
596 1129 695 1178 nostra
714 1124 805 1198 gloria

435 1192 489 1252 Per
510 1207 613 1258 cuncta
632 1218 748 1279 semper
768 1211 871 1269 secula.

497 1393 502 1400 =
591 1384 751 1400 *uu—-

403 1511 447 1570 IN
469 1513 639 1577 OCTAVA
660 1518 937 1582 ASCENSIONIS.

489 1660 534 1703 AD
556 1659 673 1706 PRIMAS
696 1665 856 1713 VESPERAS·

389 1775 469 1841 Felix
491 1783 551 1842 dies
572 1787 747 1859 mortalibus,

391 1861 458 1933 Qua
479 1882 530 1939 per
550 1867 699 1941 profusum
721 1871 890 1946 sanguinem

391 1942 493 2003 Homo
514 1946 594 2005 Deus
615 1949 727 2008 clausas
748 1952 797 2010 diu

390 2022 507 2084 Intravit
528 2037 657 2089 aeternas
679 2033 800 2092 domos!

389 2185 453 2245 Nos
474 2191 612 2262 membra,
634 2210 693 2267 quo
713 2205 843 2254 nostrum
863 2211 957 2275 caput,

388 2266 456 2338 Quo
477 2270 535 2329 dux
557 2274 683 2348 praeivit,
703 2276 825 2336 ibimus:

390 2347 420 2405 Si
438 2351 541 2428 jungat
561 2372 619 2411 una
639 2373 722 2416 mens
744 2359 835 2430 simul,

387 2429 451 2490 Nos
471 2451 530 2491 una
547 2435 649 2512 junget
669 2438 768 2513 gloria„

385 2592 524 2654 Discessit
546 2608 574 2655 et
595 2599 654 2658 suis
676 2601 765 2673 adest,

386 2673 538 2737 Praesente
560 2698 674 2756 semper
695 2682 808 2758 Spiritu,

384 2756 512 2817 Miscens
534 2779 586 2820 suo
607 2781 638 2820 se
659 2765 772 2840 corpori

384 2836 496 2898 Omnes
516 2841 546 2898 in
566 2851 643 2902 artus
664 2845 764 2904 influit.

379 3001 418 3058 At
438 3001 485 3059 illa
505 3007 596 3078 quae!
617 3007 708 3083 qualis
729 3009 808 3068 dies!

379 3081 450 3140 Dies
471 3086 620 3144 tremenda
641 3090 779 3162 sontibus

376 3163 455 3222 Dum
476 3166 544 3224 sede
565 3167 743 3230 descendens
765 3191 819 3231 sua

378 3243 495 3306 Redibit
516 3249 589 3308 ultor
610 3252 769 3313 criminum.
