2478 3928
374 477 413 538 In
433 477 535 536 Decoll.
558 476 590 540 S.
604 477 734 556 Joanm'r.
900 493 955 552 145

236 642 311 700 Aula
332 651 479 717 receptum
501 660 560 699 non
581 643 682 700 retinet
703 643 795 712 timor,

237 723 305 781 Non
326 723 432 781 blanda
453 723 540 781 flectit
560 724 650 798 gratia
672 723 819 799 Principis,

236 804 430 862 Contaminati
451 805 522 881 quin
542 807 694 880 reprendat

237 886 389 961 Flagitium
410 887 656 962 opprobriumque
677 888 749 946 lecti.

236 1048 278 1106 Sit
299 1065 413 1107 summa
434 1049 517 1119 Patri,
541 1068 710 1127 summaque
732 1049 812 1119 Filio,

237 1129 400 1206 Sanctoque
422 1148 541 1206 compar
562 1132 652 1206 gloria
674 1131 811 1190 Flamini:

235 1210 356 1270 Sanctae
378 1212 491 1270 litemus
513 1212 646 1270 Trinitati

235 1291 378 1368 Perpetuo
399 1294 447 1368 pia
468 1295 556 1352 corda
577 1295 661 1352 cultu.

284 1686 288 1695 ‚
385 1644 430 1687 AD
452 1643 604 1688 OFFICIUM
627 1643 720 1688 NOCT.

235 1853 358 1928 Impune
379 1851 446 1911 Vati
468 1870 526 1911 non
548 1854 615 1912 erit:
639 1853 783 1928 impotens

236 1934 345 2014 Totum
366 1934 492 1993 furorem
513 1934 620 1993 femina
640 1935 762 2010 colligit;

235 2016 355 2093 Iraeque
376 2034 478 2076 causas
499 2017 665 2092 aggerando

234 2097 406 2157 Exstimulat
427 2098 486 2156 fera
507 2098 595 2156 corda
615 2099 699 2174 regis.

235 2259 315 2330 Quid
335 2278 395 2319 non
416 2261 503 2320 libido
525 2261 605 2336 cogis
627 2261 772 2320 adultera?

235 2339 347 2400 Dantur
368 2344 475 2402 catenis
496 2343 636 2401 innocuae
657 2359 779 2400 manus:

236 2424 275 2480 At
296 2423 403 2500 alligari
424 2426 547 2484 veritatis

236 2503 342 2564 Nescia
362 2525 426 2576 vox,
449 2525 501 2564 sua
519 2507 583 2583 jura
604 2515 703 2564 servat.

236 2667 381 2726 Christum
402 2669 447 2726 vel
467 2680 529 2728 atro
551 2668 671 2728 carceris
692 2667 721 2724 in
742 2684 832 2742 specu

234 2750 342 2807 Praeco
363 2749 453 2810 fidelis
474 2751 600 2808 nuntiat:
625 2759 653 2808 et
675 2767 743 2808 suos

236 2829 340 2888 Divina
360 2833 483 2906 patranti
504 2831 646 2907 Magistro

234 2910 399 2987 Discipulos
419 2915 500 2990 jubet
520 2914 559 2972 ire
581 2923 676 2972 testes.

235 3075 546 3153 Vinctus'triumphat;
570 3084 601 3135 tu
620 3075 749 3151 pavitans
770 3073 875 3143 fremis,

237 3155 380 3232 Tyranne.
424 3158 552 3217 Caecum
572 3176 655 3217 mens
676 3157 751 3215 male
772 3156 889 3215 conscia

236 3238 336 3309 Quatit
356 3240 525 3316 flagellum:'
541 3241 636 3300 stricta
656 3238 761 3298 Vatem

236 3321 418 3396 lmpavidum
439 3322 518 3382 feriet
541 3323 655 3382 securis.

535 3421 553 3462 1.
