2478 3928
344 366 382 424 In
402 365 483 426 Festo
500 364 630 442 Corporis
654 363 770 424 Christi.

319 529 355 587 In
376 547 527 604 supremae
547 538 632 588 nocte
654 547 762 588 coenae

320 611 506 671 Recumbens
528 629 595 672 cum
616 610 758 679 fratribus,

320 692 480 752 Observata
500 693 564 767 lege
584 693 678 768 plene,

320 773 401 832 Cibis
422 775 452 830 in
472 774 620 849 legalibus

321 855 428 913 Cibum
449 855 548 913 turbae
570 855 721 914 duodenae

323 936 361 994 Se
383 938 432 995 dat
454 937 512 996 suis
533 937 676 999 manibus

323 1067 454 1125 Verbum
475 1086 543 1126 caro
564 1085 669 1144 panem
691 1085 789 1124 verum

323 1149 424 1207 Verbo
445 1167 562 1208 carnem
584 1149 684 1208 efficit:

323 1230 425 1306 Fitque
447 1232 565 1306 sanguis
587 1230 693 1288 Christi
714 1247 844 1299 merum;

323 1311 361 1370 Et
383 1313 407 1371 si
428 1330 530 1371 sensus
553 1312 656 1382 deficit,

323 1393 372 1451 Ad
393 1393 566 1451 firmandum
587 1411 638 1452 cor
658 1394 801 1452 sincerum

324 1474 393 1533 Sola
413 1475 485 1534 fides
507 1475 617 1536 suffieit.

325 1603 454 1662 Tantum
476 1621 547 1679 ergo
569 1603 786 1662 Sacramentum

324 1685 504 1743 Veneremur
525 1686 638 1756 cernui;

327 1766 364 1824 Et
385 1768 535 1843 antiquum
557 1768 763 1826 documentum

328 1848 414 1907 Novo
435 1848 519 1907 cedat
540 1849 621 1906 ritui:

327 1930 456 1988 Praestet
477 1930 549 1988 fides
570 1931 803 2005 supplementum

328 2011 472 2071 Sensuum
494 2011 626 2088 defectui.

328 2141 468 2213 Genitori,
490 2143 646 2219 genitoque

329 2223 407 2284 Laus
429 2235 457 2281 et
476 2224 614 2300 jubilatio,

330 2304 422 2376 Salus,
444 2305 545 2376 honor,
567 2307 655 2366 virtus
677 2324 794 2383 quoque

331 2385 374 2446 Sit
395 2397 423 2446 et
444 2387 623 2450 benedictio:

330 2467 501 2526 Procedenti
521 2469 558 2527 ab
580 2479 701 2546 utroque

333 2548 463 2625 Compar
484 2551 520 2608 sit
541 2551 674 2610 laudatio.

373 2729 420 2770 AD
442 2728 556 2772 PRECES
580 2727 764 2778 SEROTINAS.

451 2837 524 2918 (Per
548 2838 700 2908 Octavam.)

292 2953 393 3012 Adoro
414 2962 442 3009 te
463 2951 574 3020 devote,
596 2950 686 3007 latens
708 2948 808 3006 Deitas

291 3034 376 3106 Quae
398 3033 451 3092 sub
473 3032 517 3098 his
539 3031 637 3106 figuris
658 3049 723 3088 vere
744 3030 852 3088 latitas:

294 3116 362 3174 Tibi
383 3134 415 3176 se
436 3131 604 3173 cormeum
626 3123 718 3175 totum
740 3111 861 3187 subicit,

291 3196 370 3270 Quia
389 3207 418 3256 te
439 3195 638 3271 contemplans
659 3204 752 3252 totum
774 3192 876 3250 deficit.
