2408 3904
312 409 442 483 Hymnus
463 412 492 468 in
515 409 617 485 Vigiliis
631 407 766 468 Paschae.
879 430 937 486 393

138 558 227 616 Filius
248 558 293 617 ille
315 560 409 619 David
430 561 479 635 qui
500 577 554 618 nos
577 561 630 618 sibi
651 561 834 631 consociavit,

140 640 297 781 8211ἒέοᾶἰὲ
319 653 409 700 matre
430 643 520 701 domo
542 651 570 700 et
591 641 672 700 Deus
694 651 737 700 est
759 654 788 701 et
809 642 906 701 homo,

224 769 231 793 ,
297 769 302 781 .

139 885 254 961 Copula
275 887 406 945 coelestis
427 904 478 946 vos
501 885 679 962 spiritualiter
701 888 778 957 estis,

116 993 118 996 ·
181 967 212 1024 Si
233 969 373 1026 servando
394 969 482 1027 fidem
504 985 568 1027 esse
589 969 680 1027 velitis
701 969 787 1027 idem.

138 1049 229 1120 Salve,
252 1051 302 1107 &c
355 1128 358 1133 ι

140 1211 217 1270 Urbs
238 1229 313 1269 nova
334 1211 517 1270 Hierusalem
539 1212 718 1270 descendens
740 1212 915 1287 spiritualem

140 1293 294 1434 Sallltulllc
301 1304 433 1351 ornatum
455 1296 524 1353 lucis
546 1295 583 1352 ab
605 1313 669 1352 arce
690 1295 796 1352 datum.

139 1537 218 1594 Hinc
240 1537 306 1594 fidei
328 1536 451 1596 fructum
473 1554 554 1596 sacro
575 1537 747 1614 baptismate
768 1538 887 1595 ductum
962 1559 966 1566 ·

179 1619 237 1676 Dat
258 1617 323 1676 Rex
343 1618 467 1695 justitiae
489 1619 607 1677 coelitus
628 1619 782 1678 Ecclesiae.
807 1645 811 1654 ⁴

140 1699 232 1771 Salve,
253 1701 303 1758 &c

137 1862 234 1920 Firma
254 1862 348 1921 David
370 1863 460 1933 turris,
482 1862 538 1920 huc
560 1863 584 1920 si
605 1862 679 1939 pede
700 1872 817 1938 perpete
839 1863 938 1931 curris,
963 1925 967 1934 ,

179 1945 312 2002 Invenies
334 1946 363 2002 in
384 1964 418 2004 ea
439 1946 561 2020 pignora
582 1944 700 2002 siderea.

138 2026 229 2097 Salve,
252 2028 301 2084 dic.

137 2189 220 2248 Haec
242 2200 284 2248 est
306 2207 372 2247 arca
392 2189 448 2247 Dei
470 2188 650 2247 credentibus
672 2189 840 2255 auxiliatrix,

138 2269 273 2410 salQuae&
276 2270 351 2329 vehit
368 2271 405 2329 ad
422 2281 537 2346 portum
555 2289 629 2347 quos
649 2272 724 2329 vehit
744 2271 824 2328 unda
838 2271 936 2327 maris

185 2371 227 2424 ve,
276 2372 300 2410 c.

214 2647 391 2707 HYMNUS
412 2647 457 2704 IN
479 2645 641 2706 VIGILIA
662 2645 858 2706 PASCHAE

361 2794 380 2839 E
397 2794 549 2841 Processionali
565 2794 702 2840 Eboraoenri.

175 2916 311 2973 Inventor
331 2911 405 2970 rutili
427 2910 494 2968 Dux
516 2911 592 2968 bone
613 2909 738 2974 luminis,

175 2995 234 3068 Qui
256 2995 338 3053 certis
359 2993 467 3050 vicibus
488 3001 620 3068 tempora
643 2990 754 3061 dividis,

176 3078 274 3135 Merso
296 3075 356 3134 sole
377 3073 466 3132 chaos
487 3074 592 3148 ingruit
612 3073 773 3142 horridum,

175 3159 289 3217 Lumen
310 3156 397 3214 redde
419 3155 474 3214 tuis
496 3153 608 3214 Christe
631 3155 771 3216 fidelibus.

256 3264 392 3322 Inventor
405 3262 487 3332 rutili,
508 3262 559 3318 &c
