2478 3928
274 439 328 492 1¹4

436 417 440 426 '
479 416 518 474 In
537 411 755 473 Annamattztne
773 415 856 474 Dom.

432 571 491 651 Qui
511 583 613 636 cuncta
633 577 758 652 complet
778 579 904 656 numine,

432 659 555 719 Nostros
576 675 607 718 se
628 659 658 716 in
678 668 755 718 artus
776 659 899 736 colligit:

434 741 474 800 Ut
495 758 549 798 nos
569 735 685 798 reduca't
705 740 742 797 ad
763 740 868 812 Deum,

433 822 471 880 Et
491 823 552 898 ipse
573 822 723 880 nobiscum
744 821 833 880 Deus.

435 984 549 1044 Mundo
568 984 732 1059 redemptor
752 985 801 1060 qui
821 985 910 1054 venis,

435 1065 496 1137 Fili,
517 1066 568 1124 tibi
588 1067 651 1124 laus
672 1067 798 1129 maxima

436 1145 512 1205 Cum
533 1147 632 1205 Patre:
660 1164 714 1205 nec
734 1147 785 1206 tibi
804 1147 899 1208 minor

435 1227 521 1300 Laus,
542 1229 689 1303 utriusque
709 1227 841 1305 Spiritus.

505 1558 554 1603 AD
576 1559 728 1604 OFFICIUM
750 1560 844 1605 Nocr.

440 1767 579 1825 Coelestis
599 1764 668 1822 Ales
689 1766 798 1824 nuntiat

440 1846 592 1924 Implenda
612 1863 680 1904 mox
702 1849 852 1922 mysteria:

440 1929 551 1987 Virtute
572 1927 714 1986 foecunda
734 1927 814 1988 Deus

440 2010 561 2086 illapsus
582 2009 679 2084 implet
700 2008 857 2086 Virginem.

445 2171 547 2243 Qualis
569 2170 711 2247 stupendo
730 2171 821 2247 gloria

443 2252 497 2323 Te,
519 2253 617 2328 Virgo,
640 2252 677 2311 de
697 2263 781 2329 partu
801 2257 914 2311 manet!

443 2332 608 2409 Conceptus
629 2335 658 2390 in
678 2343 728 2392 tuo
750 2335 823 2404 sinu,

445 2415 537 2474 Natus
557 2414 631 2484 Deo,
652 2431 728 2474 nunc
748 2425 792 2474 est
811 2427 885 2475 tuus.

445 2576 492 2635 De
511 2576 638 2653 virginali
659 2579 806 2654 sanguine,
918 2613 922 2626 ·

446 2658 544 2729 Quem
564 2660 640 2718 nulla
660 2659 740 2719 labes
761 2659 856 2730 inficit,

446 2740 584 2815 Fingente
606 2751 705 2800 sancto
727 2741 840 2818 Spiritu,

446 2820 551 2881 Christi
570 2837 637 2881 earo
657 2823 856 2899 compingitur.

450 2981 543 3042 Nobis
563 3002 615 3060 per
635 2984 709 3044 hanc
730 2985 897 3044 mortalibus

449 3063 590 3124 Lactescit
610 3084 677 3125 esca
697 3065 855 3125 Coclitum:

451 3144 513 3204 Nos
534 3148 625 3220 pascit
645 3148 766 3206 infantes
785 3149 883 3218 homo,

453 3226 511 3299 Qui
530 3228 621 3303 pascit
642 3230 761 3306 angelos
781 3229 870 3299 Deus,
