<?xml version="1.0" encoding="UTF-8"?>
<!DOCTYPE html PUBLIC "-//W3C//DTD XHTML 1.0 Transitional//EN"
    "http://www.w3.org/TR/xhtml1/DTD/xhtml1-transitional.dtd">
<html xmlns="http://www.w3.org/1999/xhtml" xml:lang="en" lang="en">
 <head>
  <title>
</title>
<meta http-equiv="Content-Type" content="text/html;charset=utf-8" />
  <meta name='ocr-system' content='tesseract 3.04.00' />
  <meta name='ocr-capabilities' content='ocr_page ocr_carea ocr_par ocr_line ocrx_word'/>
</head>
<body>
  <div class='ocr_page' id='page_1' title='image "./hymniecclesiae01churgoog_0106.png"; bbox 0 0 2478 3928; ppageno 0'>
   <div class='ocr_carea' id='block_1_1' title="bbox 390 367 750 444">
    <p class='ocr_par' dir='ltr' id='par_1_1' title="bbox 390 367 750 444">
     <span class='ocr_line' id='line_1_1' title="bbox 390 367 750 444; baseline 0 -17"><span class='ocrx_word' id='word_1_1' title='bbox 390 367 429 427; x_wconf 87' lang='lat' dir='ltr'>In</span> <span class='ocrx_word' id='word_1_2' title='bbox 457 367 559 444; x_wconf 59' lang='lat' dir='ltr'>Wgrizu</span> <span class='ocrx_word' id='word_1_3' title='bbox 579 369 750 428; x_wconf 79' lang='lat' dir='ltr'>Penlccosler.</span> 
     </span>
    </p>
   </div>
   <div class='ocr_carea' id='block_1_2' title="bbox 291 531 783 856">
    <p class='ocr_par' dir='ltr' id='par_1_2' title="bbox 291 531 783 856">
     <span class='ocr_line' id='line_1_2' title="bbox 292 531 717 603; baseline 0.007 -15"><span class='ocrx_word' id='word_1_4' title='bbox 292 531 380 590; x_wconf 90' lang='lat' dir='ltr'>Bonis</span> <span class='ocrx_word' id='word_1_5' title='bbox 402 533 552 591; x_wconf 83' lang='lat' dir='ltr'>abundans</span> <span class='ocrx_word' id='word_1_6' title='bbox 573 534 717 603; x_wconf 90' lang='lat' dir='ltr'>omnibus,</span> 
     </span>
     <span class='ocr_line' id='line_1_3' title="bbox 291 613 727 689; baseline 0.007 -19"><span class='ocrx_word' id='word_1_7' title='bbox 291 613 397 689; x_wconf 77' lang='lat' dir='ltr'>ingens</span> <span class='ocrx_word' id='word_1_8' title='bbox 419 615 473 672; x_wconf 90' lang='lat' dir='ltr'>eris</span> <span class='ocrx_word' id='word_1_9' title='bbox 495 632 615 685; x_wconf 87' lang='lat' dir='ltr'>merces,</span> <span class='ocrx_word' id='word_1_10' title='bbox 637 614 727 673; x_wconf 82' lang='lat' dir='ltr'>Deus</span> 
     </span>
     <span class='ocr_line' id='line_1_4' title="bbox 292 695 783 771; baseline 0.004 -19"><span class='ocrx_word' id='word_1_11' title='bbox 292 695 388 766; x_wconf 83' lang='lat' dir='ltr'>Quam</span> <span class='ocrx_word' id='word_1_12' title='bbox 409 696 497 771; x_wconf 84' lang='lat' dir='ltr'>longa</span> <span class='ocrx_word' id='word_1_13' title='bbox 517 713 571 771; x_wconf 88' lang='lat' dir='ltr'>pro</span> <span class='ocrx_word' id='word_1_14' title='bbox 590 714 685 770; x_wconf 86' lang='lat' dir='ltr'>poena</span> <span class='ocrx_word' id='word_1_15' title='bbox 705 697 783 754; x_wconf 91' lang='lat' dir='ltr'>brevi</span> 
     </span>
     <span class='ocr_line' id='line_1_5' title="bbox 291 776 696 856; baseline 0.007 -23"><span class='ocrx_word' id='word_1_16' title='bbox 291 776 373 836; x_wconf 93' lang='lat' dir='ltr'>Tuos</span> <span class='ocrx_word' id='word_1_17' title='bbox 394 779 552 856; x_wconf 77' lang='lat' dir='ltr'>manebunt</span> <span class='ocrx_word' id='word_1_18' title='bbox 572 777 696 852; x_wconf 84' lang='lat' dir='ltr'>gaudia!</span> 
     </span>
    </p>
   </div>
   <div class='ocr_carea' id='block_1_3' title="bbox 291 939 729 1260">
    <p class='ocr_par' dir='ltr' id='par_1_3' title="bbox 291 939 729 1178">
     <span class='ocr_line' id='line_1_6' title="bbox 292 939 729 1015; baseline 0.005 -19"><span class='ocrx_word' id='word_1_19' title='bbox 292 939 376 998; x_wconf 91' lang='lat' dir='ltr'>Tunc</span> <span class='ocrx_word' id='word_1_20' title='bbox 398 959 447 998; x_wconf 88' lang='lat' dir='ltr'>ore</span> <span class='ocrx_word' id='word_1_21' title='bbox 468 940 555 1010; x_wconf 79' lang='lat' dir='ltr'>nude,</span> <span class='ocrx_word' id='word_1_22' title='bbox 577 940 668 1015; x_wconf 86' lang='lat' dir='ltr'>qualis</span> <span class='ocrx_word' id='word_1_23' title='bbox 689 958 729 1010; x_wconf 77' lang='lat' dir='ltr'>eS,</span> 
     </span>
     <span class='ocr_line' id='line_1_7' title="bbox 291 1020 728 1097; baseline 0.002 -18"><span class='ocrx_word' id='word_1_24' title='bbox 291 1020 489 1097; x_wconf 82' lang='lat' dir='ltr'>Quantusque,</span> <span class='ocrx_word' id='word_1_25' title='bbox 510 1031 538 1079; x_wconf 89' lang='lat' dir='ltr'>te</span> <span class='ocrx_word' id='word_1_26' title='bbox 560 1022 728 1092; x_wconf 69' lang='lat' dir='ltr'>videbimus</span> 
     </span>
     <span class='ocr_line' id='line_1_8' title="bbox 292 1104 643 1178; baseline 0.003 -19"><span class='ocrx_word' id='word_1_27' title='bbox 292 1104 463 1161; x_wconf 86' lang='lat' dir='ltr'>Amabimus</span> <span class='ocrx_word' id='word_1_28' title='bbox 484 1113 512 1160; x_wconf 90' lang='lat' dir='ltr'>te</span> <span class='ocrx_word' id='word_1_29' title='bbox 530 1104 643 1178; x_wconf 81' lang='lat' dir='ltr'>jugiter,</span> 
     </span>
    </p>

    <p class='ocr_par' dir='ltr' id='par_1_4' title="bbox 291 1182 670 1260">
     <span class='ocr_line' id='line_1_9' title="bbox 291 1182 670 1260; baseline 0.003 -20"><span class='ocrx_word' id='word_1_30' title='bbox 291 1182 336 1241; x_wconf 90' lang='lat' dir='ltr'>Te</span> <span class='ocrx_word' id='word_1_31' title='bbox 355 1185 460 1260; x_wconf 85' lang='lat' dir='ltr'>jugiter</span> <span class='ocrx_word' id='word_1_32' title='bbox 480 1184 670 1243; x_wconf 84' lang='lat' dir='ltr'><strong>laudabimus.</strong></span> 
     </span>
    </p>
   </div>
   <div class='ocr_carea' id='block_1_4' title="bbox 291 1345 744 1667">
    <p class='ocr_par' dir='ltr' id='par_1_5' title="bbox 291 1345 744 1667">
     <span class='ocr_line' id='line_1_10' title="bbox 293 1345 744 1422; baseline 0 -19"><span class='ocrx_word' id='word_1_33' title='bbox 293 1345 322 1403; x_wconf 90' lang='lat' dir='ltr'>Si</span> <span class='ocrx_word' id='word_1_34' title='bbox 343 1365 416 1422; x_wconf 92' lang='lat' dir='ltr'>quos</span> <span class='ocrx_word' id='word_1_35' title='bbox 438 1365 527 1417; x_wconf 85' lang='lat' dir='ltr'>amas,</span> <span class='ocrx_word' id='word_1_36' title='bbox 548 1364 608 1404; x_wconf 92' lang='lat' dir='ltr'>non</span> <span class='ocrx_word' id='word_1_37' title='bbox 629 1345 744 1416; x_wconf 84' lang='lat' dir='ltr'>deseris,</span> 
     </span>
     <span class='ocr_line' id='line_1_11' title="bbox 291 1427 686 1487; baseline 0 -2"><span class='ocrx_word' id='word_1_38' title='bbox 291 1427 414 1486; x_wconf 85' lang='lat' dir='ltr'>Nostrae</span> <span class='ocrx_word' id='word_1_39' title='bbox 434 1429 532 1486; x_wconf 84' lang='lat' dir='ltr'>salutis</span> <span class='ocrx_word' id='word_1_40' title='bbox 553 1429 686 1487; x_wconf 91' lang='lat' dir='ltr'>obsidem</span> 
     </span>
     <span class='ocr_line' id='line_1_12' title="bbox 292 1507 678 1580; baseline 0 -14"><span class='ocrx_word' id='word_1_41' title='bbox 292 1507 390 1568; x_wconf 86' lang='lat' dir='ltr'>Mittas</span> <span class='ocrx_word' id='word_1_42' title='bbox 411 1511 448 1567; x_wconf 88' lang='lat' dir='ltr'>ab</span> <span class='ocrx_word' id='word_1_43' title='bbox 469 1511 531 1568; x_wconf 88' lang='lat' dir='ltr'>altis</span> <span class='ocrx_word' id='word_1_44' title='bbox 553 1510 678 1580; x_wconf 88' lang='lat' dir='ltr'>sedibus,</span> 
     </span>
     <span class='ocr_line' id='line_1_13' title="bbox 291 1585 739 1667; baseline -0.002 -19"><span class='ocrx_word' id='word_1_45' title='bbox 291 1590 350 1661; x_wconf 86' lang='lat' dir='ltr'>Qui</span> <span class='ocrx_word' id='word_1_46' title='bbox 370 1609 424 1649; x_wconf 88' lang='lat' dir='ltr'>nos</span> <span class='ocrx_word' id='word_1_47' title='bbox 446 1585 571 1667; x_wconf 82' lang='lat' dir='ltr'>adoptet,</span> <span class='ocrx_word' id='word_1_48' title='bbox 594 1591 739 1666; x_wconf 88' lang='lat' dir='ltr'>Spiritum.</span> 
     </span>
    </p>
   </div>
   <div class='ocr_carea' id='block_1_5' title="bbox 289 1753 764 2074">
    <p class='ocr_par' dir='ltr' id='par_1_6' title="bbox 291 1753 650 1830">
     <span class='ocr_line' id='line_1_14' title="bbox 291 1753 650 1830; baseline 0.006 -22"><span class='ocrx_word' id='word_1_49' title='bbox 291 1753 418 1812; x_wconf 89' lang='lat' dir='ltr'>Venture</span> <span class='ocrx_word' id='word_1_50' title='bbox 437 1753 532 1830; x_wconf 87' lang='lat' dir='ltr'>Judex</span> <span class='ocrx_word' id='word_1_51' title='bbox 555 1754 650 1824; x_wconf 87' lang='lat' dir='ltr'>seculi,</span> 
     </span>
    </p>

    <p class='ocr_par' dir='ltr' id='par_1_7' title="bbox 289 1835 607 1914">
     <span class='ocr_line' id='line_1_15' title="bbox 289 1835 607 1914; baseline -0.006 -20"><span class='ocrx_word' id='word_1_52' title='bbox 289 1835 367 1914; x_wconf 69' lang='lat' dir='ltr'>jesu,</span> <span class='ocrx_word' id='word_1_53' title='bbox 389 1835 439 1893; x_wconf 91' lang='lat' dir='ltr'>tibi</span> <span class='ocrx_word' id='word_1_54' title='bbox 461 1837 496 1894; x_wconf 91' lang='lat' dir='ltr'>sit</span> <span class='ocrx_word' id='word_1_55' title='bbox 515 1836 607 1911; x_wconf 84' lang='lat' dir='ltr'>gloria</span> 
     </span>
    </p>

    <p class='ocr_par' dir='ltr' id='par_1_8' title="bbox 290 1916 764 2074">
     <span class='ocr_line' id='line_1_16' title="bbox 291 1916 764 1993; baseline -0.002 -18"><span class='ocrx_word' id='word_1_56' title='bbox 291 1916 366 1975; x_wconf 89' lang='lat' dir='ltr'>Cum</span> <span class='ocrx_word' id='word_1_57' title='bbox 388 1916 479 1988; x_wconf 86' lang='lat' dir='ltr'>Patre,</span> <span class='ocrx_word' id='word_1_58' title='bbox 501 1935 625 1993; x_wconf 85' lang='lat' dir='ltr'>cumque</span> <span class='ocrx_word' id='word_1_59' title='bbox 650 1916 764 1992; x_wconf 89' lang='lat' dir='ltr'>Spiritu,</span> 
     </span>
     <span class='ocr_line' id='line_1_17' title="bbox 290 1998 646 2074; baseline -0.003 -19"><span class='ocrx_word' id='word_1_60' title='bbox 290 1998 325 2055; x_wconf 92' lang='lat' dir='ltr'>In</span> <span class='ocrx_word' id='word_1_61' title='bbox 344 1999 519 2074; x_wconf 82' lang='lat' dir='ltr'>sempiterna</span> <span class='ocrx_word' id='word_1_62' title='bbox 540 1998 646 2058; x_wconf 88' lang='lat' dir='ltr'>secula.</span> 
     </span>
    </p>
   </div>
   <div class='ocr_carea' id='block_1_6' title="bbox 297 2285 845 2346">
    <p class='ocr_par' dir='ltr' id='par_1_9' title="bbox 297 2285 845 2346">
     <span class='ocr_line' id='line_1_18' title="bbox 297 2285 845 2346; baseline -0.002 -2"><span class='ocrx_word' id='word_1_63' title='bbox 297 2287 339 2344; x_wconf 94' lang='lat' dir='ltr'>IN</span> <span class='ocrx_word' id='word_1_64' title='bbox 361 2286 520 2346; x_wconf 89' lang='lat' dir='ltr'>VIGILIA</span> <span class='ocrx_word' id='word_1_65' title='bbox 543 2285 845 2345; x_wconf 89' lang='lat' dir='ltr'><strong>PENTECOSTES.</strong></span> 
     </span>
    </p>
   </div>
   <div class='ocr_carea' id='block_1_7' title="bbox 399 2442 740 2487">
    <p class='ocr_par' dir='ltr' id='par_1_10' title="bbox 399 2442 740 2487">
     <span class='ocr_line' id='line_1_19' title="bbox 399 2442 740 2487; baseline 0 -1"><span class='ocrx_word' id='word_1_66' title='bbox 399 2443 444 2486; x_wconf 84' lang='lat' dir='ltr'>AD</span> <span class='ocrx_word' id='word_1_67' title='bbox 466 2443 622 2487; x_wconf 84' lang='lat' dir='ltr'>OFFICIUM</span> <span class='ocrx_word' id='word_1_68' title='bbox 644 2442 740 2487; x_wconf 85' lang='lat' dir='ltr'>NOCT.</span> 
     </span>
    </p>
   </div>
   <div class='ocr_carea' id='block_1_8' title="bbox 291 2555 744 2875">
    <p class='ocr_par' dir='ltr' id='par_1_11' title="bbox 291 2555 728 2711">
     <span class='ocr_line' id='line_1_20' title="bbox 291 2555 728 2630; baseline -0.007 -16"><span class='ocrx_word' id='word_1_69' title='bbox 291 2556 318 2614; x_wconf 94' lang='grc' dir='ltr'>Ο</span> <span class='ocrx_word' id='word_1_70' title='bbox 341 2555 460 2626; x_wconf 88' lang='lat' dir='ltr'>Christe,</span> <span class='ocrx_word' id='word_1_71' title='bbox 482 2556 531 2630; x_wconf 93' lang='lat' dir='ltr'>qui</span> <span class='ocrx_word' id='word_1_72' title='bbox 552 2564 649 2613; x_wconf 91' lang='lat' dir='ltr'>noster</span> <span class='ocrx_word' id='word_1_73' title='bbox 669 2555 728 2630; x_wconf 93' lang='lat' dir='ltr'>poli</span> 
     </span>
     <span class='ocr_line' id='line_1_21' title="bbox 291 2637 705 2711; baseline -0.002 -17"><span class='ocrx_word' id='word_1_74' title='bbox 291 2638 460 2696; x_wconf 88' lang='lat' dir='ltr'>Praecursor</span> <span class='ocrx_word' id='word_1_75' title='bbox 481 2637 567 2694; x_wconf 79' lang='lat' dir='ltr'>intrus</span> <span class='ocrx_word' id='word_1_76' title='bbox 588 2637 705 2711; x_wconf 85' lang='lat' dir='ltr'>regiam,</span> 
     </span>
    </p>

    <p class='ocr_par' dir='ltr' id='par_1_12' title="bbox 293 2718 744 2875">
     <span class='ocr_line' id='line_1_22' title="bbox 293 2718 737 2794; baseline -0.002 -17"><span class='ocrx_word' id='word_1_77' title='bbox 293 2719 376 2791; x_wconf 91' lang='lat' dir='ltr'>Quos</span> <span class='ocrx_word' id='word_1_78' title='bbox 396 2718 443 2776; x_wconf 91' lang='lat' dir='ltr'>hic</span> <span class='ocrx_word' id='word_1_79' title='bbox 462 2719 589 2794; x_wconf 87' lang='lat' dir='ltr'>jacentes</span> <span class='ocrx_word' id='word_1_80' title='bbox 610 2718 737 2793; x_wconf 89' lang='lat' dir='ltr'>respicis,</span> 
     </span>
     <span class='ocr_line' id='line_1_23' title="bbox 293 2800 744 2875; baseline -0.002 -17"><span class='ocrx_word' id='word_1_81' title='bbox 293 2800 411 2858; x_wconf 90' lang='lat' dir='ltr'>Sursum</span> <span class='ocrx_word' id='word_1_82' title='bbox 432 2817 511 2870; x_wconf 89' lang='lat' dir='ltr'>voca,</span> <span class='ocrx_word' id='word_1_83' title='bbox 533 2818 646 2857; x_wconf 91' lang='lat' dir='ltr'>sursum</span> <span class='ocrx_word' id='word_1_84' title='bbox 667 2817 744 2875; x_wconf 83' lang='lat' dir='ltr'>rape.</span> 
     </span>
    </p>
   </div>
   <div class='ocr_carea' id='block_1_9' title="bbox 291 2961 808 3283">
    <p class='ocr_par' dir='ltr' id='par_1_13' title="bbox 291 2961 690 3118">
     <span class='ocr_line' id='line_1_24' title="bbox 291 2961 690 3032; baseline -0.005 -12"><span class='ocrx_word' id='word_1_85' title='bbox 291 2962 338 3020; x_wconf 90' lang='lat' dir='ltr'>Ad</span> <span class='ocrx_word' id='word_1_86' title='bbox 360 2963 407 3020; x_wconf 84' lang='lat' dir='ltr'>illa</span> <span class='ocrx_word' id='word_1_87' title='bbox 427 2961 473 3020; x_wconf 86' lang='lat' dir='ltr'>fac</span> <span class='ocrx_word' id='word_1_88' title='bbox 494 2980 549 3020; x_wconf 90' lang='lat' dir='ltr'>nos</span> <span class='ocrx_word' id='word_1_89' title='bbox 570 2979 690 3032; x_wconf 90' lang='lat' dir='ltr'>currere,</span> 
     </span>
     <span class='ocr_line' id='line_1_25' title="bbox 291 3044 635 3118; baseline -0.009 -16"><span class='ocrx_word' id='word_1_90' title='bbox 291 3045 399 3102; x_wconf 83' lang='lat' dir='ltr'>Amore</span> <span class='ocrx_word' id='word_1_91' title='bbox 420 3055 500 3102; x_wconf 86' lang='lat' dir='ltr'>casto</span> <span class='ocrx_word' id='word_1_92' title='bbox 521 3044 635 3118; x_wconf 83' lang='lat' dir='ltr'>gaudia,</span> 
     </span>
    </p>

    <p class='ocr_par' dir='ltr' id='par_1_14' title="bbox 292 3125 808 3283">
     <span class='ocr_line' id='line_1_26' title="bbox 292 3125 808 3202; baseline -0.004 -19"><span class='ocrx_word' id='word_1_93' title='bbox 292 3125 421 3184; x_wconf 87' lang='lat' dir='ltr'>Terrena</span> <span class='ocrx_word' id='word_1_94' title='bbox 442 3144 516 3202; x_wconf 87' lang='lat' dir='ltr'>quae</span> <span class='ocrx_word' id='word_1_95' title='bbox 537 3143 629 3182; x_wconf 89' lang='lat' dir='ltr'>mens.</span> <span class='ocrx_word' id='word_1_96' title='bbox 641 3143 701 3182; x_wconf 89' lang='lat' dir='ltr'>non</span> <span class='ocrx_word' id='word_1_97' title='bbox 723 3125 808 3199; x_wconf 83' lang='lat' dir='ltr'>capit,</span> 
     </span>
     <span class='ocr_line' id='line_1_27' title="bbox 292 3205 722 3283; baseline -0.009 -16"><span class='ocrx_word' id='word_1_98' title='bbox 292 3205 376 3277; x_wconf 85' lang='lat' dir='ltr'>Quae</span> <span class='ocrx_word' id='word_1_99' title='bbox 397 3208 458 3267; x_wconf 85' lang='lat' dir='ltr'>sola</span> <span class='ocrx_word' id='word_1_100' title='bbox 478 3207 613 3283; x_wconf 92' lang='lat' dir='ltr'>perspicit</span> <span class='ocrx_word' id='word_1_101' title='bbox 634 3207 722 3265; x_wconf 87' lang='lat' dir='ltr'>fides:</span> 
     </span>
    </p>
   </div>
   <div class='ocr_carea' id='block_1_10' title="bbox 935 373 973 444">
    <p class='ocr_par' dir='ltr' id='par_1_15' title="bbox 935 373 973 444">
     <span class='ocr_line' id='line_1_28' title="bbox 935 373 973 444; baseline 0 0"><span class='ocrx_word' id='word_1_102' title='bbox 935 373 973 444; x_wconf 83' lang='lat'>89</span> 
     </span>
    </p>
   </div>
   <div class='ocr_carea' id='block_1_11' title="bbox 0 0 1244 3928">
    <p class='ocr_par' dir='ltr' id='par_1_16' title="bbox 0 0 1244 3928">
     <span class='ocr_line' id='line_1_29' title="bbox 0 0 1244 3928; baseline 0 0"><span class='ocrx_word' id='word_1_103' title='bbox 0 0 1244 3928; x_wconf 95' lang='lat' dir='ltr'> </span> 
     </span>
    </p>
   </div>
  </div>
 </body>
</html>
