2478 3928
266 389 320 442 108
453 393 492 453 In
515 395 695 463 Conuersione
714 403 747 464 S.
762 409 858 470 Pauli.

422 556 552 619 Christus
573 562 674 638 instat3
699 569 887 645 impotentem

423 638 538 712 Caecat,
560 655 651 720 urget,
665 649 785 726 dejicit:

421 719 473 779 Ille
494 725 569 782 cedit
590 727 749 804 imperanti,

423 801 518 879 Seque
539 815 631 866 totum
653 813 781 889 subjicit:
833 867 841 880 ,

419 883 569 945 Insecutor
589 901 654 949 ante
676 893 789 968 Christi,

420 964 529 1025 Praeeo
550 970 697 1032 Christum
717 993 861 1052 personat.

420 1129 496 1187 Ante
517 1132 619 1207 plenus
641 1139 690 1212 qui
710 1141 854 1201 minarum

420 1209 611 1287 Praeparabat
631 1219 751 1293 vincula,
823 1261 826 1268 ,

420 1291 506 1350 Nunc
527 1305 660 1371 tremens,
682 1320 736 1361 nec
754 1306 816 1381 jam
837 1310 958 1382 rebellis,

419 1372 473 1431 Per
493 1393 597 1436 manus
619 1380 783 1444 deducitur:

419 1454 479 1525 Qui
500 1458 583 1534 lupus
605 1481 694 1538 rapax
715 1466 834 1536 furebat,

418 1536 505 1597 Nunc
527 1542 556 1597 in
576 1560 685 1617 agnum
705 1551 827 1608 vertitur.

418 1700 506 1772 Dura,
528 1702 650 1773 Christe,
672 1727 760 1784 quam
780 1717 891 1789 potenti

418 1781 515 1842 Corda
535 1797 631 1846 versas
652 1789 785 1850 dextera!

418 1863 477 1934 Qui
498 1875 580 1925 tuum
601 1870 695 1928 delere
716 1892 825 1933 nomen
888 1905 890 1910 v

417 1943 486 2002 Vult
507 1953 622 2008 tuorum
643 1956 791 2028 sanguine,

417 2023 590 2088 Universum
611 2051 681 2091 mox
701 2053 753 2111 per
774 2039 875 2098 orbem

417 2106 485 2182 Ipse
506 2111 623 2172 clarabit
644 2133 706 2174 suo

417 2270 458 2330 Sit
480 2290 614 2348 suprema
635 2277 697 2337 laus
718 2280 840 2354 Parenti,

416 2352 476 2423 Qui
497 2358 601 2416 creavit
622 2361 735 2418 omnia:

416 2433 546 2511 Filioque
568 2439 617 2514 qui
639 2443 760 2503 redemit

416 2513 512 2575 Morte
533 2537 587 2580 nos
608 2522 708 2582 volens
730 2544 798 2584 sua:

416 2595 470 2654 Par
491 2609 519 2656 et
541 2601 588 2672 illi,
610 2605 691 2680 cujus
713 2606 790 2665 almo

417 2677 613 2740 Confovemur
633 2685 730 2746 halitu.
753 2705 755 2708 ·

552 2877 598 2919 AD
620 2879 755 2925 LAUDES.

293 3007 377 3077 Quae
398 3009 557 3084 gloriosum
577 3023 656 3074 tanta
677 3018 765 3077 coelis
786 3030 886 3078 evocat

293 3088 346 3154 Te,
370 3090 492 3163 Christe,
514 3097 619 3153 causa?
644 3107 712 3156 tune
732 3119 846 3159 rursum
866 3103 957 3161 visere

291 3169 436 3231 Mundum
456 3175 641 3252 redemptor?
666 3190 733 3238 tune
754 3179 849 3258 Judex
871 3185 979 3242 seculi?

292 3251 320 3308 N
323 3271 447 3314 ovumne
470 3253 569 3333 prodis
590 3260 665 3318 ultor
685 3261 799 3321 hostem
820 3265 960 3339 perdere?
