<?xml version="1.0" encoding="UTF-8"?>
<!DOCTYPE html PUBLIC "-//W3C//DTD XHTML 1.0 Transitional//EN"
    "http://www.w3.org/TR/xhtml1/DTD/xhtml1-transitional.dtd">
<html xmlns="http://www.w3.org/1999/xhtml" xml:lang="en" lang="en">
 <head>
  <title>
</title>
<meta http-equiv="Content-Type" content="text/html;charset=utf-8" />
  <meta name='ocr-system' content='tesseract 3.04.00' />
  <meta name='ocr-capabilities' content='ocr_page ocr_carea ocr_par ocr_line ocrx_word'/>
</head>
<body>
  <div class='ocr_page' id='page_1' title='image "./hymniecclesiae01churgoog_0066.png"; bbox 0 0 2430 3918; ppageno 0'>
   <div class='ocr_carea' id='block_1_1' title="bbox 334 393 921 484">
    <p class='ocr_par' dir='ltr' id='par_1_1' title="bbox 334 393 921 484">
     <span class='ocr_line' id='line_1_1' title="bbox 334 393 921 484; baseline 0.002 -33"><span class='ocrx_word' id='word_1_1' title='bbox 334 394 372 484; x_wconf 63' lang='lat' dir='ltr'><strong>I&#39;?</strong></span> <span class='ocrx_word' id='word_1_2' title='bbox 392 393 553 470; x_wconf 81' lang='lat' dir='ltr'><strong>Epiphania</strong></span> <span class='ocrx_word' id='word_1_3' title='bbox 573 393 696 452; x_wconf 80' lang='lat' dir='ltr'><em>Domini.</em></span> <span class='ocrx_word' id='word_1_4' title='bbox 883 411 921 465; x_wconf 85' lang='lat'><strong>49</strong></span> 
     </span>
    </p>
   </div>
   <div class='ocr_carea' id='block_1_2' title="bbox 420 775 621 820">
    <p class='ocr_par' dir='ltr' id='par_1_2' title="bbox 420 775 621 820">
     <span class='ocr_line' id='line_1_2' title="bbox 420 775 621 820; baseline -0.005 -1"><span class='ocrx_word' id='word_1_5' title='bbox 420 777 466 819; x_wconf 79' lang='lat' dir='ltr'><strong>AD</strong></span> <span class='ocrx_word' id='word_1_6' title='bbox 488 775 621 820; x_wconf 77' lang='lat' dir='ltr'>LAUDES.</span> 
     </span>
    </p>
   </div>
   <div class='ocr_carea' id='block_1_3' title="bbox 157 957 769 1278">
    <p class='ocr_par' dir='ltr' id='par_1_3' title="bbox 157 957 769 1278">
     <span class='ocr_line' id='line_1_3' title="bbox 158 957 769 1034; baseline 0.003 -19"><span class='ocrx_word' id='word_1_7' title='bbox 158 959 306 1034; x_wconf 90' lang='lat' dir='ltr'><strong>Linquunt</strong></span> <span class='ocrx_word' id='word_1_8' title='bbox 325 967 400 1016; x_wconf 87' lang='lat' dir='ltr'><strong>tecta</strong></span> <span class='ocrx_word' id='word_1_9' title='bbox 422 957 503 1033; x_wconf 83' lang='lat' dir='ltr'>Magi</span> <span class='ocrx_word' id='word_1_10' title='bbox 526 958 661 1034; x_wconf 90' lang='lat' dir='ltr'><strong>principis</strong></span> <span class='ocrx_word' id='word_1_11' title='bbox 683 959 769 1030; x_wconf 89' lang='lat' dir='ltr'><strong>urbis,</strong></span> 
     </span>
     <span class='ocr_line' id='line_1_4' title="bbox 158 1039 758 1114; baseline 0.005 -18"><span class='ocrx_word' id='word_1_12' title='bbox 158 1040 196 1097; x_wconf 91' lang='lat' dir='ltr'><strong>Et</strong></span> <span class='ocrx_word' id='word_1_13' title='bbox 219 1058 322 1114; x_wconf 88' lang='lat' dir='ltr'><strong>parvae</strong></span> <span class='ocrx_word' id='word_1_14' title='bbox 345 1040 456 1114; x_wconf 89' lang='lat' dir='ltr'><strong>cupidis</strong></span> <span class='ocrx_word' id='word_1_15' title='bbox 473 1040 589 1098; x_wconf 89' lang='lat' dir='ltr'><strong>moenia</strong></span> <span class='ocrx_word' id='word_1_16' title='bbox 610 1039 758 1110; x_wconf 81' lang='lat' dir='ltr'><strong>Bethleem</strong></span> 
     </span>
     <span class='ocr_line' id='line_1_5' title="bbox 157 1121 755 1197; baseline 0.007 -22"><span class='ocrx_word' id='word_1_17' title='bbox 157 1121 242 1179; x_wconf 91' lang='lat' dir='ltr'><strong>Votis</strong></span> <span class='ocrx_word' id='word_1_18' title='bbox 264 1121 457 1196; x_wconf 88' lang='lat' dir='ltr'><strong>praecipiunt;</strong></span> <span class='ocrx_word' id='word_1_19' title='bbox 479 1122 597 1197; x_wconf 83' lang='lat' dir='ltr'><strong>jamque</strong></span> <span class='ocrx_word' id='word_1_20' title='bbox 620 1122 674 1188; x_wconf 82' lang='lat' dir='ltr'><strong>sub</strong></span> <span class='ocrx_word' id='word_1_21' title='bbox 696 1123 755 1180; x_wconf 90' lang='lat' dir='ltr'><strong>imo</strong></span> 
     </span>
     <span class='ocr_line' id='line_1_6' title="bbox 159 1202 745 1278; baseline 0.002 -18"><span class='ocrx_word' id='word_1_22' title='bbox 159 1203 216 1278; x_wconf 87' lang='lat' dir='ltr'><strong>Spe</strong></span> <span class='ocrx_word' id='word_1_23' title='bbox 237 1203 359 1260; x_wconf 82' lang='lat' dir='ltr'><strong>subnixa</strong></span> <span class='ocrx_word' id='word_1_24' title='bbox 380 1202 452 1260; x_wconf 87' lang='lat' dir='ltr'>fides</span> <span class='ocrx_word' id='word_1_25' title='bbox 473 1202 560 1261; x_wconf 87' lang='lat' dir='ltr'><strong>corde</strong></span> <span class='ocrx_word' id='word_1_26' title='bbox 583 1203 745 1278; x_wconf 82' lang='lat' dir='ltr'>triumphat.</span> 
     </span>
    </p>
   </div>
   <div class='ocr_carea' id='block_1_4' title="bbox 157 1365 777 1676">
    <p class='ocr_par' dir='ltr' id='par_1_4' title="bbox 157 1365 777 1676">
     <span class='ocr_line' id='line_1_7' title="bbox 158 1365 666 1440; baseline 0.002 -17"><span class='ocrx_word' id='word_1_27' title='bbox 158 1365 186 1423; x_wconf 93' lang='grc' dir='ltr'>Ο</span> <span class='ocrx_word' id='word_1_28' title='bbox 209 1366 259 1440; x_wconf 92' lang='lat' dir='ltr'><strong>qui</strong></span> <span class='ocrx_word' id='word_1_29' title='bbox 280 1365 401 1423; x_wconf 87' lang='lat' dir='ltr'><strong>laetitiae</strong></span> <span class='ocrx_word' id='word_1_30' title='bbox 425 1383 535 1434; x_wconf 88' lang='lat' dir='ltr'><strong>sensus,</strong></span> <span class='ocrx_word' id='word_1_31' title='bbox 557 1374 590 1422; x_wconf 91' lang='lat' dir='ltr'><strong>ut</strong></span> <span class='ocrx_word' id='word_1_32' title='bbox 612 1365 666 1424; x_wconf 93' lang='lat' dir='ltr'><strong>illis</strong></span> 
     </span>
     <span class='ocr_line' id='line_1_8' title="bbox 159 1445 722 1522; baseline 0 -18"><span class='ocrx_word' id='word_1_33' title='bbox 159 1447 282 1522; x_wconf 87' lang='lat' dir='ltr'><strong>Signans</strong></span> <span class='ocrx_word' id='word_1_34' title='bbox 304 1465 400 1504; x_wconf 91' lang='lat' dir='ltr'><strong>rursus</strong></span> <span class='ocrx_word' id='word_1_35' title='bbox 422 1447 474 1504; x_wconf 90' lang='lat' dir='ltr'><strong>iter</strong></span> <span class='ocrx_word' id='word_1_36' title='bbox 497 1446 577 1506; x_wconf 91' lang='lat' dir='ltr'><strong>stella</strong></span> <span class='ocrx_word' id='word_1_37' title='bbox 598 1445 722 1512; x_wconf 76' lang='lat' dir='ltr'><strong>refulsitr</strong></span> 
     </span>
     <span class='ocr_line' id='line_1_9' title="bbox 158 1527 777 1604; baseline 0.002 -20"><span class='ocrx_word' id='word_1_38' title='bbox 158 1529 390 1603; x_wconf 89' lang='lat' dir='ltr'><strong>Incumbensque</strong></span> <span class='ocrx_word' id='word_1_39' title='bbox 413 1529 502 1586; x_wconf 90' lang='lat' dir='ltr'>domo</span> <span class='ocrx_word' id='word_1_40' title='bbox 523 1527 657 1602; x_wconf 83' lang='lat' dir='ltr'><strong>lampade</strong></span> <span class='ocrx_word' id='word_1_41' title='bbox 678 1546 777 1604; x_wconf 87' lang='lat' dir='ltr'>prona,</span> 
     </span>
     <span class='ocr_line' id='line_1_10' title="bbox 157 1609 728 1676; baseline 0.002 -10"><span class='ocrx_word' id='word_1_42' title='bbox 157 1609 301 1667; x_wconf 84' lang='lat' dir='ltr'><strong>Infantem</strong></span> <span class='ocrx_word' id='word_1_43' title='bbox 322 1609 448 1668; x_wconf 87' lang='lat' dir='ltr'><strong>exhibuit</strong></span> <span class='ocrx_word' id='word_1_44' title='bbox 469 1610 567 1668; x_wconf 88' lang='lat' dir='ltr'><strong>matris</strong></span> <span class='ocrx_word' id='word_1_45' title='bbox 588 1610 618 1666; x_wconf 90' lang='lat' dir='ltr'><strong>in</strong></span> <span class='ocrx_word' id='word_1_46' title='bbox 638 1610 728 1676; x_wconf 80' lang='lat' dir='ltr'><strong>ulnis!</strong></span> 
     </span>
    </p>
   </div>
   <div class='ocr_carea' id='block_1_5' title="bbox 155 1771 866 2094">
    <p class='ocr_par' dir='ltr' id='par_1_5' title="bbox 155 1771 866 2011">
     <span class='ocr_line' id='line_1_11' title="bbox 156 1771 866 1846; baseline 0.001 -17"><span class='ocrx_word' id='word_1_47' title='bbox 156 1772 226 1830; x_wconf 89' lang='lat' dir='ltr'><strong>Non</strong></span> <span class='ocrx_word' id='word_1_48' title='bbox 247 1771 293 1829; x_wconf 88' lang='lat' dir='ltr'><strong>hic</strong></span> <span class='ocrx_word' id='word_1_49' title='bbox 314 1771 444 1846; x_wconf 88' lang='lat' dir='ltr'><strong>splendet</strong></span> <span class='ocrx_word' id='word_1_50' title='bbox 462 1772 540 1844; x_wconf 90' lang='lat' dir='ltr'><strong>ebur,</strong></span> <span class='ocrx_word' id='word_1_51' title='bbox 562 1790 622 1830; x_wconf 90' lang='lat' dir='ltr'><strong>non</strong></span> <span class='ocrx_word' id='word_1_52' title='bbox 642 1772 729 1830; x_wconf 85' lang='lat' dir='ltr'>micat</span> <span class='ocrx_word' id='word_1_53' title='bbox 749 1790 866 1842; x_wconf 88' lang='lat' dir='ltr'>aurum;</span> 
     </span>
     <span class='ocr_line' id='line_1_12' title="bbox 156 1853 744 1930; baseline 0.002 -19"><span class='ocrx_word' id='word_1_54' title='bbox 156 1854 226 1913; x_wconf 88' lang='lat' dir='ltr'><strong>Non</strong></span> <span class='ocrx_word' id='word_1_55' title='bbox 247 1854 320 1911; x_wconf 91' lang='lat' dir='ltr'><strong>velat</strong></span> <span class='ocrx_word' id='word_1_56' title='bbox 341 1853 456 1912; x_wconf 85' lang='lat' dir='ltr'>rutilans</span> <span class='ocrx_word' id='word_1_57' title='bbox 478 1872 603 1930; x_wconf 77' lang='lat' dir='ltr'><strong>ptupura</strong></span> <span class='ocrx_word' id='word_1_58' title='bbox 623 1872 744 1928; x_wconf 90' lang='lat' dir='ltr'><strong>corpus:</strong></span> 
     </span>
     <span class='ocr_line' id='line_1_13' title="bbox 155 1935 772 2011; baseline 0.002 -18"><span class='ocrx_word' id='word_1_59' title='bbox 155 1936 285 1994; x_wconf 90' lang='lat' dir='ltr'><strong>Horrens</strong></span> <span class='ocrx_word' id='word_1_60' title='bbox 306 1935 352 1993; x_wconf 93' lang='lat' dir='ltr'><strong>hic</strong></span> <span class='ocrx_word' id='word_1_61' title='bbox 373 1935 525 2006; x_wconf 87' lang='lat' dir='ltr'>stabulum,</span> <span class='ocrx_word' id='word_1_62' title='bbox 546 1935 772 2011; x_wconf 56' lang='lat' dir='ltr'><strong>regiapnudum</strong></span> 
     </span>
    </p>

    <p class='ocr_par' dir='ltr' id='par_1_6' title="bbox 155 2016 811 2094">
     <span class='ocr_line' id='line_1_14' title="bbox 155 2016 811 2094; baseline 0 -20"><span class='ocrx_word' id='word_1_63' title='bbox 155 2018 213 2076; x_wconf 92' lang='lat' dir='ltr'><strong>Hic</strong></span> <span class='ocrx_word' id='word_1_64' title='bbox 235 2035 381 2092; x_wconf 85' lang='lat' dir='ltr'><strong>praesepe,</strong></span> <span class='ocrx_word' id='word_1_65' title='bbox 403 2016 538 2088; x_wconf 88' lang='lat' dir='ltr'><strong>thronus;</strong></span> <span class='ocrx_word' id='word_1_66' title='bbox 560 2036 693 2093; x_wconf 80' lang='lat' dir='ltr'><strong>purpura,</strong></span> <span class='ocrx_word' id='word_1_67' title='bbox 715 2019 811 2094; x_wconf 89' lang='lat' dir='ltr'><strong>panni.</strong></span> 
     </span>
    </p>
   </div>
   <div class='ocr_carea' id='block_1_6' title="bbox 152 2180 728 2501">
    <p class='ocr_par' dir='ltr' id='par_1_7' title="bbox 152 2180 728 2501">
     <span class='ocr_line' id='line_1_15' title="bbox 154 2180 728 2256; baseline 0.002 -19"><span class='ocrx_word' id='word_1_68' title='bbox 154 2180 252 2256; x_wconf 87' lang='lat' dir='ltr'><strong>Reges</strong></span> <span class='ocrx_word' id='word_1_69' title='bbox 273 2199 382 2256; x_wconf 89' lang='lat' dir='ltr'><strong>pompa</strong></span> <span class='ocrx_word' id='word_1_70' title='bbox 401 2181 472 2240; x_wconf 88' lang='lat' dir='ltr'><strong>alios</strong></span> <span class='ocrx_word' id='word_1_71' title='bbox 493 2180 572 2240; x_wconf 90' lang='lat' dir='ltr'><strong>dives</strong></span> <span class='ocrx_word' id='word_1_72' title='bbox 593 2180 728 2239; x_wconf 89' lang='lat' dir='ltr'>adornet:</span> 
     </span>
     <span class='ocr_line' id='line_1_16' title="bbox 153 2262 716 2338; baseline 0.005 -19"><span class='ocrx_word' id='word_1_73' title='bbox 153 2262 337 2338; x_wconf 88' lang='lat' dir='ltr'><strong>Regnantem</strong></span> <span class='ocrx_word' id='word_1_74' title='bbox 358 2263 459 2321; x_wconf 89' lang='lat' dir='ltr'><strong>melius</strong></span> <span class='ocrx_word' id='word_1_75' title='bbox 480 2280 511 2320; x_wconf 90' lang='lat' dir='ltr'><strong>se</strong></span> <span class='ocrx_word' id='word_1_76' title='bbox 531 2264 634 2338; x_wconf 91' lang='lat' dir='ltr'><strong>probat</strong></span> <span class='ocrx_word' id='word_1_77' title='bbox 655 2264 716 2338; x_wconf 92' lang='lat' dir='ltr'><strong>ipse</strong></span> 
     </span>
     <span class='ocr_line' id='line_1_17' title="bbox 153 2343 620 2420; baseline 0.004 -20"><span class='ocrx_word' id='word_1_78' title='bbox 153 2345 189 2400; x_wconf 92' lang='lat' dir='ltr'><strong>ln</strong></span> <span class='ocrx_word' id='word_1_79' title='bbox 210 2343 255 2401; x_wconf 89' lang='lat' dir='ltr'><strong>vili</strong></span> <span class='ocrx_word' id='word_1_80' title='bbox 277 2344 367 2419; x_wconf 88' lang='lat' dir='ltr'><strong>palea,</strong></span> <span class='ocrx_word' id='word_1_81' title='bbox 388 2362 514 2420; x_wconf 88' lang='lat' dir='ltr'><strong>paupere</strong></span> <span class='ocrx_word' id='word_1_82' title='bbox 535 2346 620 2413; x_wconf 91' lang='lat' dir='ltr'><strong>cultu,</strong></span> 
     </span>
     <span class='ocr_line' id='line_1_18' title="bbox 152 2425 670 2501; baseline -0.002 -18"><span class='ocrx_word' id='word_1_83' title='bbox 152 2426 284 2483; x_wconf 80' lang='lat' dir='ltr'><strong>Flecteris</strong></span> <span class='ocrx_word' id='word_1_84' title='bbox 305 2427 425 2501; x_wconf 89' lang='lat' dir='ltr'><strong>imperio</strong></span> <span class='ocrx_word' id='word_1_85' title='bbox 445 2425 533 2484; x_wconf 88' lang='lat' dir='ltr'>corda</span> <span class='ocrx_word' id='word_1_86' title='bbox 553 2426 670 2501; x_wconf 88' lang='lat' dir='ltr'><strong>potenti.</strong></span> 
     </span>
    </p>
   </div>
   <div class='ocr_carea' id='block_1_7' title="bbox 151 2589 750 2909">
    <p class='ocr_par' dir='ltr' id='par_1_8' title="bbox 151 2589 750 2909">
     <span class='ocr_line' id='line_1_19' title="bbox 151 2589 699 2665; baseline 0 -19"><span class='ocrx_word' id='word_1_87' title='bbox 151 2590 201 2646; x_wconf 87' lang='lat' dir='ltr'><strong>Ad</strong></span> <span class='ocrx_word' id='word_1_88' title='bbox 223 2607 311 2646; x_wconf 86' lang='lat' dir='ltr'><strong>cunas</strong></span> <span class='ocrx_word' id='word_1_89' title='bbox 333 2589 454 2647; x_wconf 87' lang='lat' dir='ltr'><strong>humiles</strong></span> <span class='ocrx_word' id='word_1_90' title='bbox 475 2589 583 2665; x_wconf 89' lang='lat' dir='ltr'><strong>poplite</strong></span> <span class='ocrx_word' id='word_1_91' title='bbox 604 2605 699 2658; x_wconf 90' lang='lat' dir='ltr'><strong>curvo,</strong></span> 
     </span>
     <span class='ocr_line' id='line_1_20' title="bbox 151 2669 750 2730; baseline -0.002 -3"><span class='ocrx_word' id='word_1_92' title='bbox 151 2671 291 2728; x_wconf 90' lang='lat' dir='ltr'><strong>Praesens</strong></span> <span class='ocrx_word' id='word_1_93' title='bbox 312 2672 342 2727; x_wconf 90' lang='lat' dir='ltr'><strong>in</strong></span> <span class='ocrx_word' id='word_1_94' title='bbox 363 2670 456 2728; x_wconf 89' lang='lat' dir='ltr'><strong>Puero</strong></span> <span class='ocrx_word' id='word_1_95' title='bbox 477 2670 594 2730; x_wconf 92' lang='lat' dir='ltr'><strong>Numen</strong></span> <span class='ocrx_word' id='word_1_96' title='bbox 615 2669 750 2728; x_wconf 88' lang='lat' dir='ltr'><strong>adorant:</strong></span> 
     </span>
     <span class='ocr_line' id='line_1_21' title="bbox 151 2752 741 2827; baseline 0 -19"><span class='ocrx_word' id='word_1_97' title='bbox 151 2752 190 2809; x_wconf 87' lang='lat' dir='ltr'><strong>Et</strong></span> <span class='ocrx_word' id='word_1_98' title='bbox 211 2770 265 2809; x_wconf 91' lang='lat' dir='ltr'><strong>nos</strong></span> <span class='ocrx_word' id='word_1_99' title='bbox 286 2753 324 2810; x_wconf 92' lang='lat' dir='ltr'><strong>ad</strong></span> <span class='ocrx_word' id='word_1_100' title='bbox 345 2752 479 2823; x_wconf 89' lang='lat' dir='ltr'><strong>Puerum,</strong></span> <span class='ocrx_word' id='word_1_101' title='bbox 501 2753 589 2826; x_wconf 87' lang='lat' dir='ltr'><strong>digna</strong></span> <span class='ocrx_word' id='word_1_102' title='bbox 609 2769 741 2827; x_wconf 86' lang='lat' dir='ltr'><strong>propago</strong></span> 
     </span>
     <span class='ocr_line' id='line_1_22' title="bbox 152 2833 722 2909; baseline 0 -19"><span class='ocrx_word' id='word_1_103' title='bbox 152 2833 277 2903; x_wconf 70' lang='lat' dir='ltr'><strong>Panum,</strong></span> <span class='ocrx_word' id='word_1_104' title='bbox 298 2834 384 2909; x_wconf 87' lang='lat' dir='ltr'><strong>plena</strong></span> <span class='ocrx_word' id='word_1_105' title='bbox 404 2833 461 2892; x_wconf 88' lang='lat' dir='ltr'><strong>fide</strong></span> <span class='ocrx_word' id='word_1_106' title='bbox 482 2834 570 2893; x_wconf 91' lang='lat' dir='ltr'><strong>eorda</strong></span> <span class='ocrx_word' id='word_1_107' title='bbox 590 2833 722 2891; x_wconf 75' lang='lat' dir='ltr'><strong>seramus,</strong></span> 
     </span>
    </p>
   </div>
   <div class='ocr_carea' id='block_1_8' title="bbox 150 2995 752 3235">
    <p class='ocr_par' dir='ltr' id='par_1_9' title="bbox 150 2995 752 3235">
     <span class='ocr_line' id='line_1_23' title="bbox 151 2995 731 3072; baseline 0.005 -21"><span class='ocrx_word' id='word_1_108' title='bbox 151 2995 227 3070; x_wconf 87' lang='lat' dir='ltr'><strong>Regi</strong></span> <span class='ocrx_word' id='word_1_109' title='bbox 249 3004 345 3054; x_wconf 89' lang='lat' dir='ltr'><strong>castus</strong></span> <span class='ocrx_word' id='word_1_110' title='bbox 366 3014 447 3054; x_wconf 91' lang='lat' dir='ltr'><strong>amor</strong></span> <span class='ocrx_word' id='word_1_111' title='bbox 467 2998 594 3072; x_wconf 84' lang='lat' dir='ltr'><strong>porrigat</strong></span> <span class='ocrx_word' id='word_1_112' title='bbox 613 3014 731 3066; x_wconf 87' lang='lat' dir='ltr'><strong>aurum;</strong></span> 
     </span>
     <span class='ocr_line' id='line_1_24' title="bbox 150 3077 752 3154; baseline 0 -20"><span class='ocrx_word' id='word_1_113' title='bbox 150 3077 299 3153; x_wconf 86' lang='lat' dir='ltr'><strong>Castigata</strong></span> <span class='ocrx_word' id='word_1_114' title='bbox 319 3078 428 3136; x_wconf 85' lang='lat' dir='ltr'><strong>homini</strong></span> <span class='ocrx_word' id='word_1_115' title='bbox 443 3097 570 3154; x_wconf 80' lang='lat' dir='ltr'><strong>¹corpora</strong></span> <span class='ocrx_word' id='word_1_116' title='bbox 589 3077 752 3153; x_wconf 90' lang='lat' dir='ltr'><strong>myrrham;</strong></span> 
     </span>
     <span class='ocr_line' id='line_1_25' title="bbox 151 3159 738 3235; baseline 0 -20"><span class='ocrx_word' id='word_1_117' title='bbox 151 3159 244 3216; x_wconf 90' lang='lat' dir='ltr'><strong>Instar</strong></span> <span class='ocrx_word' id='word_1_118' title='bbox 266 3159 355 3218; x_wconf 91' lang='lat' dir='ltr'><strong>thuris</strong></span> <span class='ocrx_word' id='word_1_119' title='bbox 376 3170 457 3218; x_wconf 92' lang='lat' dir='ltr'><strong>erunt</strong></span> <span class='ocrx_word' id='word_1_120' title='bbox 478 3170 544 3218; x_wconf 89' lang='lat' dir='ltr'><strong>vota</strong></span> <span class='ocrx_word' id='word_1_121' title='bbox 564 3177 738 3235; x_wconf 88' lang='lat' dir='ltr'><strong>precesque:</strong></span> 
     </span>
    </p>
   </div>
   <div class='ocr_carea' id='block_1_9' title="bbox 150 3241 736 3377">
    <p class='ocr_par' dir='ltr' id='par_1_10' title="bbox 150 3241 736 3377">
     <span class='ocr_line' id='line_1_26' title="bbox 150 3241 642 3300; baseline 0.006 -3"><span class='ocrx_word' id='word_1_122' title='bbox 150 3241 203 3298; x_wconf 91' lang='lat' dir='ltr'><strong>Illo</strong></span> <span class='ocrx_word' id='word_1_123' title='bbox 224 3241 304 3299; x_wconf 91' lang='lat' dir='ltr'><strong>thure</strong></span> <span class='ocrx_word' id='word_1_124' title='bbox 326 3241 422 3299; x_wconf 91' lang='lat' dir='ltr'><strong>Deum</strong></span> <span class='ocrx_word' id='word_1_125' title='bbox 443 3243 493 3300; x_wconf 91' lang='lat' dir='ltr'><strong>rite</strong></span> <span class='ocrx_word' id='word_1_126' title='bbox 514 3242 642 3300; x_wconf 88' lang='lat' dir='ltr'><strong>fatemur.</strong></span> 
     </span>
     <span class='ocr_line' id='line_1_27' title="bbox 717 3338 736 3377; baseline 0 0"><span class='ocrx_word' id='word_1_127' title='bbox 717 3338 736 3377; x_wconf 82' lang='lat' dir='ltr'><strong>rr</strong></span> 
     </span>
    </p>
   </div>
   <div class='ocr_carea' id='block_1_10' title="bbox 0 0 1220 3918">
    <p class='ocr_par' dir='ltr' id='par_1_11' title="bbox 0 0 1220 3918">
     <span class='ocr_line' id='line_1_28' title="bbox 0 0 1220 3918; baseline 0 3"><span class='ocrx_word' id='word_1_128' title='bbox 0 0 1220 3918; x_wconf 95' lang='lat' dir='ltr'><strong> </strong></span> 
     </span>
    </p>
   </div>
  </div>
 </body>
</html>
