2430 3918
341 430 380 487 In
401 430 481 489 Festo
504 430 537 504 Q.
558 432 725 511 plagarum.

255 609 349 669 Trans
370 629 473 672 manus
495 613 641 690 pedesque
662 616 744 690 fixus,

254 691 359 750 Nostra
378 694 484 769 rumpit
504 695 631 754 vincula:

254 772 370 849 Totque
392 774 486 833 fontes
508 787 574 834 sunt
595 779 701 851 salutis,

252 853 334 926 Quot
354 855 415 914 fluit
436 857 527 933 plagis
549 877 648 932 cruor;

254 934 291 993 Et
312 935 416 1011 quibus
437 938 523 997 clavis
543 948 661 1012 tenetur,

253 1015 316 1076 Nos
337 1027 414 1076 tenet
435 1019 508 1084 fixos
528 1023 614 1080 cruci.

252 1178 359 1238 Mortui
380 1192 480 1256 pectus
501 1194 643 1244 sacratum

251 1260 422 1320 vulneratur
441 1261 559 1338 lancea3

251 1341 322 1400 Inde
344 1345 460 1420 sanguis
480 1347 582 1405 mistus
602 1349 681 1407 unda

252 1423 386 1482 Fervidus
407 1427 579 1502 prolabitur:

252 1506 299 1564 Ad
320 1506 463 1569 lavacrum
484 1511 602 1593 praebet
621 1511 738 1584 undam,

251 1587 300 1644 Ad
320 1605 452 1648 coronas.
465 1592 644 1671 sanguinem.

251 1748 316 1820 Fac,
339 1749 525 1828 Redemptor,
546 1753 709 1814 hauriamus

252 1831 307 1888 His
329 1850 418 1907 aquas
439 1835 476 1892 de
496 1834 622 1894 fontibus
633 1856 641 1908 ;

251 1911 390 1972 Poculum
411 1915 521 1974 sintae
542 1918 662 1989 medela,

249 1993 312 2051 Sint
332 2006 361 2052 et
382 1997 451 2054 olim
471 1999 648 2074 praemium

248 2072 289 2133 Ut
309 2077 474 2154 redemptus
495 2089 523 2138 te
544 2099 595 2156 per
616 2099 717 2140 omne·

225 2177 229 2186 ¹
249 2155 361 2216 Laudet
380 2159 459 2218 orbis
480 2161 616 2220 seculum.

358 2435 403 2477 AD
425 2433 577 2479 OFFICIUM
600 2437 694 2482 Nocr.

248 2633 366 2709 Lugete‚
387 2637 467 2711 pacis
488 2639 609 2713 Angeli:

248 2715 377 2775 Mortalis
397 2736 435 2776 en
454 2719 529 2776 ultro
550 2720 639 2792 Deus,

246 2796 357 2872 Culpae
378 2817 481 2873 gerens
502 2801 665 2877 imaginem,

247 2878 374 2938 Poenam
395 2891 551 2942 nocentum
572 2885 698 2943 sustinet.
812 2923 814 2928 .
852 2945 856 2956 ,

246 3041 362 3100 Amoris
383 3042 411 3102 Ο
426 3045 610 3104 miraculum!

245 3121 275 3180 O
296 3124 391 3182 cordis
412 3124 529 3184 humani
551 3131 665 3203 stupor!

246 3202 351 3263 insons
371 3205 452 3264 Deus
467 3209 531 3266 neci
552 3208 650 3281 datur;

246 3283 358 3360 Pigebit
378 3297 406 3346 et
428 3299 524 3349 sontes
545 3291 626 3366 pati?
656 3349 659 3354 Α
