2478 3928
380 386 419 447 In
439 388 612 448 Liberunum
632 387 663 448 S.
684 389 773 448 Petri.
924 409 976 464 ¹39

219 545 325 608 Dulces
346 560 470 617 catenae,
492 569 566 628 quae
586 569 667 612 reum
687 570 748 611 non
768 562 898 628 arguunt,

221 629 278 688 Sed
300 630 404 692 Christi
425 643 570 692 amantem
591 652 665 709 quae
686 633 808 709 probant
829 634 910 708 Apo-

222 713 479 868 Reguffffibss,
500 797 593 856 aureis
613 795 775 861 monilibus,

221 871 282 932 Vos
304 893 384 934 sacra
404 876 493 951 pluris
513 878 698 936 aestimamus
718 876 837 935 vincula.

220 1034 295 1093 Patri
317 1056 453 1113 supremo
474 1040 509 1097 sit
530 1056 664 1114 suprema
684 1039 790 1114 gloria;
855 1061 859 1071 ·

221 1115 345 1194 Tibique
365 1119 465 1178 laudes
486 1129 562 1179 totus
583 1121 660 1180 orbis
682 1121 821 1184 concinat

219 1199 343 1256 Aeteme
364 1200 425 1266 Fili,
448 1200 583 1276 splendor
603 1202 710 1260 aeterni
731 1200 838 1260 Patris:

220 1278 348 1355 Compar
369 1282 405 1340 sit
425 1282 503 1342 almo
523 1282 585 1342 laus
606 1283 752 1359 decusque
772 1281 902 1342 Flamini.

272 1583 317 1624 AD
339 1582 462 1627 LAUDES
485 1583 527 1627 ET
548 1581 710 1626 SECUNDAS
725 1581 887 1625 VESPERAS.

220 1757 345 1825 Petrum,
366 1769 493 1834 tyranne,
515 1759 585 1834 quid
606 1761 714 1818 catenis
736 1760 841 1824 obruis,

219 1837 367 1916 Jubesque
388 1840 473 1899 condi
494 1841 614 1900 carceris
635 1841 718 1916 nigro
739 1842 849 1916 specu?

220 1920 299 1992 Quid
320 1932 382 1979 tnur
404 1921 515 1980 satelles
536 1931 602 1982 ante
622 1922 710 1982 limen
731 1923 872 1982 excubat?

220 2002 332 2068 Carcer‚
354 2003 474 2068 satelles,
496 2003 587 2062 vinela
606 2021 666 2062 non
687 2003 803 2064 Petrum
824 2013 928 2062 tenent.

220 2163 344 2240 Fulgens
365 2166 403 2223 ab
423 2165 481 2224 alto
501 2165 577 2226 venit
597 2164 666 2224 Ales
688 2165 819 2236 aethere;

220 2245 341 2304 Recedit
361 2247 468 2312 horror,
490 2257 518 2304 et
538 2246 619 2321 fugat
639 2257 757 2308 noctem
779 2246 856 2306 dies:

220 2325 342 2403 Jubente
364 2327 487 2393 Christo,
508 2337 592 2403 rupta
612 2328 704 2388 vincla
725 2329 897 2396 concidunt;

220 2407 386 2467 Panduntur
406 2409 479 2467 ultro
500 2409 597 2468 clausa
617 2409 691 2472 ferro
712 2409 817 2468 limina.

222 2570 362 2629 Coelestis
383 2571 428 2628 ille
449 2571 550 2630 ductor
570 2571 694 2631 ostendit
714 2572 807 2631 viam:

221 2651 247 2708 It
268 2651 368 2710 Petrus
379 2671 387 2723 ;
412 2661 498 2727 atque
520 2653 665 2711 somnium
686 2654 765 2728 quod
786 2653 825 2719 fit,
847 2663 938 2728 putat.

221 2731 338 2803 Verum,
361 2745 475 2808 recepta
495 2743 599 2800 mente,
621 2734 765 2793 victricem
785 2733 841 2792 Dei

222 2813 296 2871 Suae
318 2813 414 2873 salutis
435 2824 528 2874 certus
550 2816 681 2890 agnoscit
702 2834 829 2876 manum.

221 2973 284 3032 Lux
305 2987 410 3042 nostra,
432 2975 552 3044 Christe,
574 2987 672 3038 nostra
692 2979 814 3044 libertas,
836 2977 915 3035 vides

222 3055 336 3126 Quibus
357 3059 464 3116 catenis
485 3059 609 3117 vinciant
629 3077 683 3118 nos
704 3060 830 3124 crimina,

220 3135 258 3193 Et
278 3147 384 3212 quanta
404 3140 508 3198 nostris
528 3140 643 3200 incubet
663 3158 722 3199 nox
743 3140 903 3200 mentibus:

221 3217 323 3277 Caecis
345 3219 421 3278 diem
442 3220 492 3286 fer,
512 3239 614 3297 rumpe
634 3222 734 3282 vinctis
755 3221 873 3280 vincula.
