2408 3904
334 430 372 490 In
392 433 489 491 Mzisa
509 432 719 512 Defunctorum.

293 596 375 673 Juste
394 598 483 672 judex
503 597 627 665 ultionis,

294 677 413 736 Donum
432 679 477 736 fac
497 679 673 737 remissionis

294 760 371 818 Ante
392 761 469 818 diem
490 760 614 818 rationis.

295 923 458 997 Ingemisco
479 934 617 999 tanquam
637 941 711 993 reus,

296 1003 388 1081 Culpa
409 1006 491 1063 rubet
512 1005 604 1063 vultus
625 1023 724 1074 meus;

296 1085 473 1162 Supplicanti
493 1105 587 1162 parce,
609 1086 697 1144 Deusi

297 1247 488 1306 Peccatri'cem
510 1248 663 1318 absolvisti,

295 1328 333 1387 Et
353 1330 492 1387 latronem
513 1330 669 1402 exaudisti;

297 1410 370 1468 Mihi
391 1429 507 1486 quoque
529 1429 611 1486 spem
633 1412 743 1469 dedisti.

296 1573 399 1632 Preces
420 1592 502 1631 meae
524 1592 584 1632 non
605 1583 670 1631 sunt
691 1575 803 1650 dignae,

299 1655 357 1713 Sed
377 1665 409 1713 tu
429 1656 523 1714 bonus
543 1655 588 1714 sac
609 1655 733 1730 benigne

298 1736 344 1793 Ne
366 1737 484 1811 perenni
506 1755 615 1794 cremer
635 1738 710 1812 igne.

297 1898 374 1956 Inter
395 1917 464 1958 oves
484 1900 580 1958 loctun
601 1911 714 1974 praesta
725 1921 732 1971 ;

298 1980 334 2038 Et
356 1982 393 2037 ab
414 1981 513 2040 haedis
534 2000 582 2039 me
603 1993 757 2057 sequestra,

299 2062 431 2122 statuens
452 2064 482 2121 in
502 2073 582 2139 parte
603 2063 710 2121 dextra.

301 2224 462 2284 Confutatis
483 2227 648 2296 maledictis,
749 2223 752 2232 '

301 2307 437 2366 Flammis
458 2309 571 2366 acribus
591 2309 720 2378 addictis,

299 2387 382 2446 Voca
402 2407 449 2446 me
470 2407 538 2446 cum
556 2390 721 2447 benedictis.

302 2538 363 2597 Oro
385 2538 506 2612 supplex
528 2547 555 2594 et
577 2537 700 2608 acclinis,

302 2618 360 2677 Cor
381 2619 532 2676 contritam
553 2619 635 2693 quasi
656 2619 735 2689 cinis,

301 2701 377 2758 Gere
398 2719 497 2758 curam
517 2701 574 2757 mei
595 2699 667 2758 finis.

302 2852 477 2926 Lacrymosa
498 2849 559 2907 dies
580 2849 634 2918 illa,

303 2932 371 3004 Qua
392 2940 520 3006 resurget
541 2949 584 2991 ex,
597 2930 690 2988 favilla

302 3014 479 3091 Judicandus
499 3012 590 3070 homo
610 3031 683 3083 reus,

304 3095 381 3153 Huic
403 3113 472 3171 ergo
492 3112 586 3170 parce,
608 3093 696 3152 Deus.

343 3236 393 3294 Pie
414 3234 484 3312 Jesu
504 3234 639 3303 Domine,

344 3318 431 3376 Dona
451 3317 492 3375 eis
513 3317 650 3392 requiem.

876 439 930 509 381
