2408 3904
264 397 313 462 ³98
599 395 735 445 INDEX.

264 553 357 600 Missum
369 553 541 614 Redemptorem
551 553 603 615 poio
981 586 989 598 .

265 636 343 683 Maia
354 637 377 682 in
387 651 454 700 zgnoe
465 651 504 683 σω
514 636 574 694 lupus
608 669 988 683 ......
1049 645 1085 694 43

265 718 363 774 Monta,
373 720 488 780 superbum
499 719 600 765 verticem
679 751 987 766 .....
1033 726 1083 776 133

265 801 367 855 Mortale,
378 801 439 847 coelo
450 801 508 855 tolle,
519 815 595 864 genus,
606 808 668 862 ‹2th
751 837 758 847 .
827 835 832 847 .
900 834 907 847 .
976 836 984 846 .
1033 809 1084 859 153

266 883 411 930 Mundifsaius
422 882 458 944 qui
469 882 558 928 nasceris
603 915 982 929 ......

265 1014 305 1060 Nil
316 1014 412 1060 laudibus
420 1015 496 1060 noetn's
506 1028 557 1077 eges
602 1049 980 1062 ......

265 1096 335 1144 Nobis
346 1096 444 1157 Olympo
454 1097 548 1143 redditus
604 1131 980 1144 ......

266 1179 320 1226 Non
331 1179 419 1224 abluunt
430 1178 531 1239 lymphae
542 1179 615 1225 Deum

266 1261 319 1327 Non
330 1269 390 1320 pam
400 1260 446 1308 solo
456 1261 559 1325 sanguine
606 1295 980 1308 ......

265 1343 319 1390 Non
330 1357 384 1389 vana
392 1343 493 1390 dilectum
503 1358 593 1407 gregem
610 1377 985 1390 ......

268 1426 366 1474 Noxium
378 1426 474 1473 Chrisms
484 1426 547 1472 simul
559 1427 654 1473 introivit
682 1461 982 1474 .....

268 1509 334 1556 Nunc
346 1509 388 1555 suis
399 1510 487 1556 tanda
498 1523 565 1555 novus
575 1523 588 1554 e
599 1509 683 1556 latebris
759 1545 765 1556 .
833 1543 839 1554 .
906 1544 911 1554 .
978 1545 983 1554 .

267 1634 289 1682 0
301 1634 393 1691 Christe,
405 1635 442 1697 qui
454 1643 525 1682 noster
534 1635 578 1695 poli
608 1670 984 1682 ......

270 1709 293 1765 0
305 1718 353 1764 sons
365 1718 450 1772 amoris,
462 1717 549 1778 spiritus
612 1750 985 1764 ......
1015 1777 1019 1784 .

270 1799 291 1846 Ο
304 1799 371 1854 fortis,
383 1799 405 1845 Ο
417 1799 512 1846 clemens
524 1800 583 1846 Deus
610 1833 986 1847 ......

269 1882 298 1931 0„
300 1883 348 1941 jam
359 1883 428 1938 beata,
436 1896 491 1942 quae
501 1897 539 1928 suo

270 1964 291 2011 Ο
304 1963 350 2009 luoe
361 1978 415 2024 quae
425 1972 462 2008 tua
472 1962 523 2010 lates
539 1996 987 2010 .......

270 2046 292 2092 Ο
305 2046 350 2091 luoe
362 2045 398 2105 qui
407 2045 530 2091 momiibus

271 2127 381 2173 Omnibus
392 2135 466 2172 manat
476 2141 537 2173 eruor
547 2141 596 2173 eece
608 2127 667 2173 venis
686 2161 988 2175 .....

273 2207 407 2267 opprobriis,
418 2207 477 2264 Jesu‚
488 2217 543 2253 satur

270 2289 397 2352 0‚pulchras
407 2291 470 2347 acies,
481 2292 662 2352 astraquefortia
688 2326 988 2340 .....

270 2375 332 2436 Opus
342 2374 441 2438 peregisti
454 2384 516 2421 tuum
538 2409 989 2424 .......

271 2461 294 2508 Ο
307 2473 373 2521 quam
382 2461 442 2520 juvat
454 2459 533 2514 fratres,
545 2460 604 2506 Deus
617 2494 989 2507 ......

273 2541 295 2588 0
306 2541 344 2602 qui
355 2549 401 2594 tuo,
412 2541 456 2586 dux
468 2540 589 2602 Manyrum
616 2574 989 2587 ......

273 2626 295 2673 0
309 2624 345 2686 qui
353 2633 465 2685 perpetuus
473 2639 512 2671 nos
522 2625 619 2671 monitor
629 2625 692 2670 dooes
759 2659 764 2669 .
835 2659 840 2669 .
908 2660 912 2670 .
982 2659 988 2670 .

272 2706 334 2753 Orbe
344 2719 402 2751 nunc
412 2712 460 2751 toto
470 2706 601 2752 celebrentur
610 2706 677 2752 ambo
688 2738 988 2752 .....

274 2789 296 2834 Ο
308 2787 445 2836 Saoerdomm
456 2789 574 2835 veneranda
583 2790 630 2850 jura
682 2824 987 2836 .....

274 2871 296 2918 0
307 2879 379 2916 sancte
390 2869 515 2917 Sanctorum
527 2872 587 2918 Deus
610 2906 989 2919 ......

274 2951 297 2999 0
308 2951 412 3018 splendor¹
418 2954 498 2999 aeterni
509 2953 576 2999 Patris
612 2988 987 3001 ......

274 3034 297 3082 0
308 3034 377 3097 virgo,
388 3043 460 3094 pecms
471 3036 505 3081 cui
515 3050 597 3082 sacrum
610 3071 986 3084 ......

275 3118 297 3165 0
309 3131 347 3164 vos
358 3131 408 3163 cum
419 3118 504 3166 cithasis
515 3118 576 3165 duioe
589 3119 712 3166 sonantibus
761 3154 766 3165 .
832 3154 838 3165 .
908 3153 913 3165 .
982 3155 987 3166 .

275 3249 546 3299 Pandinmotumuius
556 3259 642 3298 remoto
689 3285 988 3299 .....
1025 3263 1072 3314 150
