2408 3904
371 396 410 456 In
424 397 480 456 Die
493 397 663 457 Pentecosten
857 403 915 476 389
929 448 932 456 ,

118 558 214 634 Atque
235 570 407 636 potestatem
421 563 537 621 laxandi
551 563 670 622 crimina
691 571 848 639 praestans,

117 641 323 782 sallgiscidtzigdos
345 645 448 719 pariter
468 663 556 722 posse
576 645 664 720 ligare
686 645 772 703 dedit„

119 880 162 943 Ite
183 905 281 944 meum
302 905 410 946 nomen
431 907 482 964 per
503 898 596 946 toturn
616 890 750 964 gentibus
771 889 880 959 orbem,

119 968 255 1108 salDicitZ
273 969 455 1028 credentibus
474 972 619 1029 notificare
640 971 746 1030 Deum.

167 1068 209 1120 ve,
257 1070 280 1108 c.

118 1213 155 1269 Et
177 1214 226 1288 qui
248 1213 406 1283 crediderit,
428 1223 457 1270 et
477 1231 565 1289 quem
577 1215 764 1290 ‘baptismatis
783 1214 862 1272 unda

120 1294 291 1433 suddnxdbit
310 1295 340 1351 in
361 1293 467 1352 Christi
488 1296 613 1366 nomine,
636 1296 730 1354 salvus
751 1296 810 1353 erit.

204 1421 211 1445 ‚
277 1419 283 1432 .

119 1536 217 1608 Quem
237 1538 350 1595 mittam
372 1539 462 1608 vobis,
484 1555 535 1596 vos
557 1539 671 1614 spiritus
693 1537 738 1596 ille
760 1539 875 1622 docebit
914 1556 918 1562 ·

152 1617 195 1674 *In
216 1619 321 1694 linguis
342 1620 424 1678 variis
447 1619 544 1677 omnia
565 1638 652 1695 posse
673 1620 760 1695 loqui.

120 1699 211 1770 Salve,
234 1703 310 1764 tre..

120 1861 190 1919 Post
210 1863 360 1920 modicum
380 1863 473 1920 veniet
494 1863 544 1940 qui
565 1864 693 1938 suggerit
713 1863 811 1922 omnia
827 1864 916 1934 vobis,

160 1943 197 2000 Et
218 1945 327 2002 visurus
349 1961 416 2002 eum
437 1945 511 2004 vado
533 1963 632 2021 parare
653 1945 758 2003 locum.

121 2024 212 2097 Salve,
233 2027 284 2084 dte.

120 2187 188 2245 Hoc
210 2207 276 2245 cum
298 2189 416 2247 dixisset
437 2191 547 2248 cunctis
569 2189 750 2248 cernentibus
771 2188 850 2246 illum

121 2267 262 2408 831Νιὼεὲιε
277 2271 402 2346 suscepit
422 2267 514 2351 [eum]
530 2271 600 2329 dum
617 2290 703 2347 super
716 2281 792 2329 astra
812 2271 917 2328 meat*.

169 2369 212 2421 ve,
260 2371 283 2409 c.

291 2749 336 2807 IN
357 2749 429 2807 DIE
450 2747 751 2807 PENTECOSTES.

122 2939 204 2996 Salve
226 2937 299 2996 festa
319 2938 390 3008 dies,
411 2947 474 2995 toto
495 2937 663 2995 venerabilis
683 2955 763 3008 aev0‚

162 3019 230 3091 Qua
251 3019 332 3078 Deus
354 3020 390 3078 de
413 3020 496 3078 coelo
517 3019 608 3094 gratia
628 3018 706 3077 fulsit
726 3019 824 3076 humo.

123 3102 214 3172 Salve,
237 3102 286 3159 duc.

316 3265 330 3298 *
349 3261 447 3308 Delenda
464 3277 509 3308 esse
524 3263 608 3309 videtur
624 3276 667 3309 vox
688 3277 744 3309 eum.
