2478 3928
271 427 307 481 92

517 403 555 462 In
575 403 631 461 Die
651 403 823 462 Pentecosten

391 569 469 627 Olim
489 585 541 643 per
561 567 677 625 umbras
698 566 809 626 vatibus

390 651 510 708 Reteeta
531 649 630 724 paucis
650 649 760 719 veritas
840 649 843 656 '

391 732 476 790 Nune
498 732 567 789 orbe
589 741 650 789 toto
671 731 777 788 dissitis

389 813 443 871 Per
463 824 491 871 te
512 822 639 888 patescat
660 811 802 886 gentibus.

388 975 492 1033 Divina
510 975 571 1052 jam
592 993 647 1032 nos
667 975 764 1033 unctio

389 1056 527 1115 Infonnet
548 1074 666 1114 omnes:
695 1055 833 1114 haetenus

387 1138 476 1197 lllutis
498 1149 606 1196 aratam
627 1138 723 1196 litteris

387 1220 516 1278 Inscribe
537 1219 633 1299 legem
654 1220 796 1277 cordibus

389 1381 429 1440 Sit
450 1382 512 1440 laus
534 1382 625 1453 Patri;
654 1381 715 1441 laus
736 1380 825 1439 Filio:

388 1463 549 1541 Utrumque
571 1465 619 1539 qui
641 1464 739 1535 nectis,
761 1462 850 1534 Deus

386 1544 506 1622 Utrique
527 1564 654 1621 compar,
676 1546 712 1603 sit
732 1545 783 1602 tibi

387 1625 484 1686 Decus
505 1646 640 1703 perenne,
663 1626 790 1702 Spiritus.

494 1967 541 2010 AD
562 1966 715 2010 OFFICIUM
739 1967 834 2011 NOC'I'.

346 2169 423 2226 Inter
444 2168 588 2244 sulphurei
609 2167 720 2243 fulgura
740 2168 868 2239 turbinis,

345 2250 596 2325 Flammarumque
617 2250 721 2325 globos
742 2260 770 2307 et
792 2251 917 2308 sonitum
938 2253 1032 2324 tubae,

345 2333 502 2409 Antiquam
523 2332 617 2401 veteri,
639 2341 737 2389 monte
760 2330 828 2389 Sina
849 2351 943 2408 super,

424 2413 535 2489 Legem
556 2413 608 2471 das
628 2413 747 2488 popule,
769 2411 857 2471 Deus.

345 2575 400 2634 His
422 2575 509 2633 infida
530 2576 636 2651 probas
657 2575 744 2634 eorda
764 2576 933 2652 pavoribus;

342 2658 379 2715 Et
399 2675 519 2733 peceare
540 2667 627 2728 vetaS,
649 2667 697 2714 aut
717 2657 839 2732 pretium
860 2659 949 2716 mori:

343 2740 452 2797 Verum
472 2739 609 2797 terribiles
631 2739 700 2814 quid
721 2739 831 2814 parient
851 2741 966 2798 minae?

424 2820 493 2892 Quo
514 2830 608 2878 tantus
628 2821 735 2878 recidet
755 2822 881 2878 tremor?

341 2984 387 3040 En
408 2982 543 3040 fumantis
564 2981 659 3040 adhuc
679 2983 786 3041 montis
807 2984 844 3041 ad
866 2984 964 3042 infima

339 3065 423 3122 Plebs
445 3064 533 3122 oblita
553 3064 649 3122 datam
671 3065 807 3123 continuo
828 3065 924 3136 fidem,

341 3147 459 3204 Brutam
479 3145 589 3222 perfida
609 3146 691 3221 plebs
713 3147 838 3221 effigiem
859 3147 934 3217 colit,

421 3227 490 3286 Veri
512 3227 646 3286 Numinis
667 3229 697 3286 in
718 3228 821 3286 locum.
