2514 3934
277 369 332 426 180

588 363 763 444 Pontificum.

356 527 401 587 Fit
421 529 518 606 gregis
538 539 645 606 pastor,
666 541 747 607 pater
769 541 855 607 atque
876 527 984 589 forma:

355 611 461 670 Laetus
482 612 621 686 impendit
643 629 703 682 sua,
725 630 830 689 seque;
860 631 956 671 servus

356 693 504 762 Omnirnn,
526 694 600 751 curis
620 695 722 768 gravis
744 695 937 770 omnibusque

435 773 543 833 Omnia
563 774 662 833 sactus.

355 935 412 994 Pro
434 937 489 995 reis
510 947 580 1008 orat,
602 937 691 996 reficit
712 948 869 1013 gementes,

356 1017 446 1092 Erigit
467 1019 571 1094 lapsos,
593 1019 782 1096 tenebrasque
804 1020 897 1095 pellit;

356 1099 401 1156 Fit
421 1109 525 1175 potens
546 1101 642 1170 verbo,
664 1101 748 1159 docet
769 1100 832 1171 alta,
854 1118 974 1176 pravum

437 1181 567 1240 Conterit
587 1181 708 1240 hostem.

277 1325 281 1335 ⁸
357 1341 415 1402 Fac
436 1353 467 1402 ut
488 1343 561 1403 illius
582 1345 716 1421 precibus
735 1346 874 1421 juvemur,

356 1425 486 1497 Christe;
508 1426 553 1484 fac
574 1426 697 1496 Patrem,
719 1428 880 1503 pariterque
901 1437 996 1484 tecum

358 1508 494 1583 Spiritum
514 1508 576 1584 jugi
598 1508 775 1566 celebremus
797 1509 905 1582 hymno

439 1589 534 1648 Omne
556 1609 608 1665 per
628 1608 739 1648 aevum.

507 1933 552 1975 AD
564 1931 726 1975 'OFFICIUM
749 1930 844 1974 NOCT.

359 2142 481 2210 Christe,
504 2141 619 2198 decreto
640 2140 731 2199 Patris
753 2141 895 2200 institutus

358 2222 490 2281 Pontifex
513 2239 636 2292 summo,
658 2223 717 2293 tibi,
739 2224 788 2299 qui
809 2223 907 2281 fideles

359 2304 443 2375 Quos
464 2303 543 2379 legis
565 2303 673 2362 formas
694 2305 808 2380 populis
830 2303 962 2379 regendis

436 2385 507 2460 Ipse
528 2386 689 2443 ministros:

361 2546 448 2606 Hunc
468 2548 546 2624 juvat
567 2547 640 2608 festo
661 2547 804 2606 celebrare
826 2558 919 2616 cantu,

360 2629 418 2701 Qui
440 2630 505 2688 licet
525 2631 638 2706 magnis
659 2630 766 2688 meritis
787 2629 946 2698 abundans,

359 2711 444 2770 Flens
465 2722 494 2769 et
514 2713 624 2782 invitus,
646 2712 718 2769 duce
739 2721 775 2779 te,
797 2710 977 2768 tremendum

441 2793 569 2868 Sumpsit
591 2794 739 2851 honorem.

361 2953 488 3015 Noverat
509 2955 622 3031 quantis
642 2963 739 3029 pateat
760 2953 873 3029 periclis

360 3037 419 3108 Ille,
441 3038 491 3113 qui
512 3054 641 3095 summos
663 3035 759 3110 apices
780 3036 909 3110 adeptus

360 3118 499 3178 Omnium
521 3136 611 3187 curas,
634 3117 687 3176 sibi
708 3129 806 3194 raptus
826 3119 884 3186 uni,

440 3201 564 3260 Sustinet
586 3217 696 3259 omnes.
