2514 3934
470 425 702 499 Presbyterorum.

344 589 423 665 Jesu,
445 589 633 649 Sacerdotum
654 589 750 660 decue,

349 670 431 748 Jugis
452 672 503 729 tibi
525 672 560 729 sit
580 671 679 748 gloria,

347 752 423 811 Cum
445 753 536 823 Patre,
557 771 681 828 cumque
703 751 816 828 Spiritu,

347 835 383 891 In
404 835 577 910 sempiterna
598 833 702 892 secula.

415 1167 461 1208 AD
482 1166 635 1210 OFFICIUM
658 1167 753 1212 Noc‘r.

266 1392 333 1468 Jam
355 1393 422 1451 satis
444 1391 524 1450 fluxit
545 1410 629 1450 cruor
649 1393 814 1468 hostiarum,

267 1474 405 1532 Pristinae
427 1483 540 1532 cessent
561 1472 729 1533 holocausta
750 1474 836 1550 legis:

266 1555 387 1624 Christe,
409 1573 483 1630 quos
503 1554 619 1626 formas,
641 1556 759 1614 meliora
780 1557 868 1615 libant

252 1653 255 1661 ⁴
349 1636 436 1694 Sacra
457 1637 585 1695 ministri.

163 1805 169 1817 '
265 1800 348 1857 Elicit
369 1799 501 1858 flammas
522 1799 599 1859 Elias
620 1801 657 1858 ab
679 1801 745 1870 alto,

265 1879 362 1956 Mysta
382 1900 459 1939 nunc
479 1883 572 1959 maj0r
591 1883 686 1958 jubet,
701 1892 729 1940 et
750 1883 860 1957 potenti

265 1962 438 2039 Obsequens
459 1965 547 2021 verbo
568 1962 649 2022 Deus
670 1965 763 2022 adstat
783 1964 847 2034 aris,

347 2043 453 2103 Hostia
474 2045 574 2114 lactus,

267 2207 376 2283 Pingue
397 2208 530 2278 libamen,
552 2226 644 2266 novus
665 2219 693 2267 et
715 2208 864 2278 Sacerdos,

267 2288 346 2347 Orbe
365 2290 425 2366 jam
446 2298 508 2347 toto
529 2289 609 2347 Deus
631 2291 809 2348 immolatur:

267 2371 304 2428 Se
324 2389 414 2427 manu
434 2381 532 2430 nostra
552 2371 610 2428 litat
631 2373 779 2429 incruento

347 2451 459 2509 Funere
481 2451 620 2510 Christus.

266 2614 338 2672 Tale
360 2615 399 2671 nil
420 2615 520 2690 priscis
542 2614 673 2673 Patribus
694 2615 838 2685 tributum,

265 2696 385 2771 Angelis
406 2714 550 2771 nusquam
571 2696 638 2753 data
658 2714 710 2771 par
732 2706 877 2773 potestas:

270 2778 307 2835 Se
329 2796 417 2836 manu
438 2788 535 2835 nostra
556 2777 637 2836 Deus
659 2779 720 2854 ipse
742 2779 852 2836 cunctis

347 2858 468 2917 Praebet
489 2860 518 2919 in
539 2877 644 2917 escam.

268 3019 388 3090 Christe,
411 3021 455 3079 sac
477 3041 591 3098 semper
613 3033 661 3081 tua
682 3041 762 3081 sacra
783 3040 856 3097 puro

268 3100 364 3159 Corde
385 3113 547 3174 tractemus
568 3105 758 3180 manibusque
780 3105 858 3179 puris
869 3124 877 3176 ;

268 3182 380 3241 Caritas
401 3194 485 3260 aptos
506 3195 554 3243 tua
575 3204 629 3245 nos
651 3185 807 3244 tremendis

349 3266 482 3341 Applicet
503 3267 567 3325 aris.
