2408 3904
284 407 341 480 338

453 405 491 462 In
510 404 771 481 Transfigurotzone
784 405 908 464 Domini.

447 566 530 626 Pater
551 586 618 626 curn
633 561 798 644 'Unigenito

376 654 382 670 “
446 650 483 708 Et
505 649 611 724 Spiritu
632 648 773 708 Paraclito

446 731 530 788 Unus
551 732 635 789 nobis
656 731 730 789 hanc
751 731 872 806 gloriam

444 813 561 888 Largire
582 831 634 888 per
654 813 853 888 praesentiam.

540 1191 586 1234 AD
607 1191 824 1236 MATUTINUM.

363 1388 391 1447 O
414 1397 490 1446 sator
510 1405 614 1458 rerum,
636 1398 782 1464 reparator
803 1389 873 1458 aevi,
898 1384 902 1400 ¹

362 1470 484 1540 Christe,
505 1487 555 1527 rex
577 1488 688 1545 regum,
709 1470 863 1528 metuende
885 1488 994 1540 censor,

363 1552 410 1609 Ad
431 1570 532 1627 preces
554 1561 668 1609 nostras
689 1552 851 1627 pariterque
874 1551 972 1610 laudes

445 1634 552 1708 Aspice
573 1633 670 1707 gratis.

361 1797 462 1856 Noctis
484 1798 598 1855 incursu
619 1795 670 1853 tibi
691 1804 757 1852 vota
778 1795 895 1852 laudum

361 1879 525 1954 Pangimus,
547 1888 661 1953 praesta
681 1877 732 1934 tibi
753 1877 808 1934 sint
829 1887 860 1933 ut
881 1886 956 1952 apta,

361 1960 482 2036 Nosque
504 1968 646 2017 concentu
666 1958 762 2016 refove
783 1959 918 2032 perennis

440 2041 571 2098 Luminis
593 2050 700 2098 auctor.

360 2205 437 2261 Inter
458 2202 574 2260 Heliam
597 2202 778 2278 Moysenque
800 2211 887 2271 vates,

359 2285 400 2343 Ut
418 2286 503 2360 jubar
524 2284 592 2342 solis
613 2283 716 2341 faciem
737 2283 889 2359 refulgens,

358 2365 491 2424 Candida
511 2375 589 2424 veste
609 2365 681 2423 nivis
702 2367 790 2424 instar
811 2365 893 2423 albae

440 2447 488 2505 Tu
509 2448 640 2506 micuisti.

360 2610 408 2668 Tu
429 2610 486 2668 Dei
506 2610 598 2669 Patris
619 2609 702 2668 Patre
723 2620 794 2667 teste
816 2609 910 2684 proles

359 2693 435 2751 Cum
457 2693 496 2751 sis
517 2702 682 2750 sanctorum
703 2692 792 2749 decus
813 2691 981 2766 angelorum

359 2774 407 2831 Tu
429 2774 505 2832 salus
526 2773 635 2842 mundi,
657 2773 708 2842 via,
731 2773 794 2841 vita,
817 2773 903 2829 virtus

440 2854 572 2912 Crederis
594 2872 665 2912 esse.

358 3017 464 3086 Gloria,
486 3017 573 3074 virtus
595 3016 630 3072 sit
649 3015 701 3072 tibi
722 3015 850 3084 Creator,

358 3099 469 3158 Cuncta
490 3098 538 3174 qui
560 3096 637 3177 solus
658 3097 782 3155 retinens
803 3098 955 3172 gubernas,

357 3180 392 3237 ln
413 3180 516 3239 throno
537 3179 618 3254 regni
640 3178 701 3236 sine
722 3178 778 3236 fine
799 3197 923 3254 regnans

438 3261 545 3321 Triuus
566 3271 594 3319 et
614 3278 697 3320 unus.
