2478 3928
336 405 392 465 SS.
413 404 532 476 Lazari,
553 403 677 477 Mariae,
699 411 743 464 etc.
884 428 940 482 149

363 779 409 822 AD
430 777 583 823 OFFICIUM
606 778 702 823 NOCT-

215 983 372 1041 Redditum
393 981 458 1051 luci,
479 980 608 1039 Domino
629 993 758 1054 vocante,

214 1065 363 1134 Lazarum,
385 1063 493 1132 turbae,
515 1062 712 1140 domitamque
732 1076 856 1124 mortem
961 1123 962 1128 ,

213 1147 361 1205 Laudibus
382 1144 469 1214 festis,
491 1145 673 1220 modulisque
694 1148 766 1206 sacri

292 1227 386 1285 Dicite
408 1235 517 1283 cantus.

215 1390 265 1448 llle
286 1390 336 1466 qui
357 1388 504 1447 Christum
525 1389 627 1446 meruit
648 1388 790 1464 frequenti

214 1471 370 1547 Hospitem
390 1470 520 1546 gaudens
541 1489 669 1530 recreare
690 1489 799 1540 mensa,

213 1553 349 1612 Foetidus
371 1552 478 1620 clauso,
500 1551 566 1609 data
586 1552 694 1628 praeda
715 1555 808 1623 morti,

294 1633 435 1692 Conditor
455 1641 545 1691 antro.

215 1796 300 1854 Heu!
329 1805 378 1854 tua
398 1813 535 1870 praesens
557 1813 612 1870 ope
634 1795 659 1853 si
677 1796 791 1871 jacenti,

214 1878 285 1935 Fata
305 1878 354 1953 qui
374 1877 509 1952 praescis,
531 1875 621 1946 Deus,
644 1878 781 1938 astitisses
791 1900 799 1951 ;

213 1959 335 2029 Viveret,
358 1958 483 2016 necdum
503 1968 699 2034 premerentur
720 1969 780 2018 atra

294 2040 418 2098 Lumina
438 2049 531 2098 nocte.

211 2202 334 2280 Jamque
355 2221 433 2260 mors
454 2202 527 2260 vitae
548 2201 677 2262 Domino
698 2205 830 2275 solutam,

213 2285 243 2342 Si
262 2285 355 2361 jubes,
376 2283 476 2342 reddet
498 2284 618 2359 spoliata
638 2285 793 2360 praedam:

214 2366 299 2424 Nunc
321 2376 349 2423 et
370 2366 510 2424 extinctus
532 2383 651 2440 superas
672 2367 782 2426 amicus

293 2445 396 2522 Surget
417 2447 454 2504 ad
476 2465 567 2504 auras

212 2609 288 2667 Ecce
309 2609 403 2667 dilecti
424 2608 556 2684 lacrymis
577 2609 702 2668 honoras

212 2690 344 2766 Hospitis
366 2689 459 2760 funus,
481 2689 651 2766 fremituque
672 2691 771 2766 prodis

212 2772 310 2843 Quam
330 2772 380 2847 pio
400 2772 530 2850 plangas,
553 2771 646 2843 Pater,
668 2773 822 2847 impiorum

293 2852 389 2911 Corde
410 2854 530 2911 minam.

211 3015 251 3074 Ut
273 3015 386 3074 Patrem
408 3033 523 3091 semper
542 3017 592 3092 pia
613 3015 807 3094 Spiritumque

210 3096 308 3156 Omne
328 3096 411 3172 plebs
432 3106 527 3155 tecum
548 3098 672 3156 celebret
691 3117 743 3174 per
764 3117 866 3157 aevum

211 3177 333 3248 Christe,
356 3179 504 3239 credentes
526 3180 637 3240 animas
658 3180 801 3250 secundae

292 3259 380 3337 Eripe
402 3262 495 3320 morti.
