2408 3904
288 421 344 480 37²

496 406 534 464 In
554 405 636 464 Festo
656 404 687 464 S.
703 404 884 466 Sacrameirle'.
924 408 927 416 '

407 571 511 629 Fracto
532 570 649 628 demum
670 581 857 636 sacramento,

407 652 453 708 Ne
475 651 595 722 vacilles,
617 651 669 710 sed
690 663 837 710 memento

408 733 536 791 Tantum
556 750 620 791 esse
642 733 696 790 sub
717 732 881 808 fragmento

447 814 596 886 Quantum
617 823 678 872 toto
699 815 810 890 tegitur.

406 896 492 953 Nulla
512 897 552 953 rei
573 895 604 952 fit
626 897 748 954 scissura
755 915 764 966 ‚·

407 978 487 1053 Signi
508 987 617 1034 tantum
639 976 670 1033 fit
690 977 820 1049 fractum,

407 1058 491 1129 Quae
511 1076 565 1115 nec
587 1067 684 1128 status,
706 1077 759 1116 nec
781 1069 888 1117 statura

448 1139 556 1214 Signati
577 1139 720 1197 minuitur.

407 1301 483 1360 Ecce
504 1302 586 1376 panis
607 1302 783 1376 angelorum,

407 1383 511 1442 Factus
532 1384 612 1441 cibus
634 1384 781 1453 viatorum,

406 1464 482 1523 Vere
503 1465 585 1540 panis
606 1465 737 1535 filiorum,

447 1546 517 1604 Non
537 1546 692 1604 mittendus
714 1547 843 1604 canibus.

408 1628 445 1686 In
464 1628 562 1703 figuris
584 1628 789 1703 praesignatur,

408 1709 484 1768 Cum
506 1710 588 1768 Isaac
609 1709 788 1766 immolatur:
814 1779 817 1786 μ

406 1792 509 1867 Agnus
530 1789 658 1848 Paschae
679 1791 839 1867 deputatur,

447 1871 538 1929 Datur
559 1890 665 1929 manna
686 1873 821 1946 patribus.

408 2035 489 2092 Bone
510 2044 616 2108 pastor,
637 2035 720 2108 panis
742 2052 815 2104 vere,

407 2115 484 2192 jesu,
505 2116 595 2173 nostri
615 2115 749 2173 miserere
759 2134 767 2184 ;

407 2196 456 2254 Tu
476 2213 530 2254 nos
552 2215 646 2271 pasce,
669 2214 723 2255 nos
744 2206 832 2267 tuere,

407 2277 456 2335 Tu
477 2295 531 2336 nos
552 2278 629 2335 bona
650 2277 695 2335 fac
716 2279 811 2336 videre

447 2359 482 2416 In
502 2369 576 2417 terra
596 2360 757 2418 viventium.

407 2440 464 2512 Tu,
486 2442 535 2517 qui
556 2452 658 2500 cuncta
679 2443 734 2500 scis
756 2453 784 2500 et
805 2442 890 2506 vales,

408 2521 467 2593 Qui
487 2541 541 2582 nos
563 2525 657 2598 pascis
679 2523 724 2582 hic
745 2524 889 2591 mortales

407 2603 490 2662 Tuos
511 2605 550 2662 ibi
571 2605 787 2675 commensales,

409 2685 591 2745 Cohaeredes
613 2697 641 2744 et
662 2686 775 2745 sodales

448 2768 506 2826 Fac
528 2778 690 2827 sanctorum
712 2767 824 2826 civium.
919 2820 922 2836 ,
