2408 3904
137 558 220 620 Pange,
231 555 311 619 lingua,
322 554 408 618 gloriosi
650 613 653 618 Ι

96 675 101 684 .
137 640 226 687 Pastore
236 653 341 700 percusso,
353 637 423 684 minas
485 672 491 684 .
558 672 564 684 .
631 672 636 682 .
703 670 709 682 .
767 655 782 680 ·.
848 669 855 683 .

136 721 204 769 Patris
215 721 294 767 aeterni
306 720 393 767 Soboles
404 733 482 766 ooaera

137 805 235 858 Petnrm,
245 811 341 865 tyranne,
355 804 407 865 quid
415 804 494 850 catenis
503 802 574 849 obruis
628 837 633 848 .
701 836 706 847 .
774 835 780 847 .
848 838 854 848 ,

137 886 319 958 PlagisMagistri
329 886 399 932 saucia

136 969 248 1016 Praedicta
259 967 338 1015 Christi
349 982 407 1014 mors
418 969 477 1015 adest

135 1050 487 1114 Proorimaiigniooditespiritus
555 1083 561 1094 .
628 1081 634 1093 .
702 1081 732 1094 ..
775 1081 781 1093 .
848 1083 853 1094 .

136 1134 217 1180 Prome
229 1148 313 1187 vooem,
324 1147 394 1188 mens,
406 1146 507 1178 ornoram
554 1166 561 1178 .
628 1166 634 1177 .
701 1116 707 1174 ζ
775 1163 780 1176 .
849 1166 854 1177 .

135 1214 251 1268 Promissa,
262 1213 331 1265 tellus,
342 1211 431 1271 concipe
442 1211 519 1274 gaudia
556 1244 854 1256 .....

136 1294 368 1348 Promittis,etservas
379 1292 453 1338 datam
481 1324 854 1338 ......

136 1376 241 1440 Pugnate,
253 1374 333 1422 Christi
344 1373 422 1420 milites
480 1405 855 1421 ......

137 1459 224 1504 Pulsum
234 1456 329 1518 supernis
340 1456 424 1502 sedibus
477 1487 853 1502 ......

137 1556 190 1616 Qra
200 1556 258 1615 lapsu
269 1555 333 1601 tacito
344 1553 402 1600 stella
412 1553 533 1615 loquacibus
557 1586 856 1601 .....

137 1637 201 1696 Quae
212 1636 329 1699 gloriosum
340 1644 398 1682 tanta
408 1636 471 1683 ooeiis
481 1642 556 1684 evooat
629 1669 635 1682 .
704 1669 709 1680 .
776 1671 782 1683 .
849 1672 855 1683 .

138 1719 202 1778 Quae
212 1718 272 1765 stella
282 1718 327 1764 sole
338 1717 445 1778 pulchrior
478 1749 855 1766 ......

138 1801 202 1860 Quae
214 1808 235 1847 te
243 1815 283 1860 pro
294 1800 366 1860 popuii
378 1800 502 1848 criminibus
514 1815 569 1846 nova
628 1834 633 1844 .
701 1833 706 1844 .
774 1834 779 1846 .
847 1837 852 1848 .

137 1883 220 1942 Quam,
233 1881 325 1939 Christo,
336 1883 422 1947 signasti
435 1883 492 1929 viam
557 1915 854 1930 .....

138 1965 213 2024 Quam
224 1978 263 2010 nos
274 1973 372 2024 potenter
382 1965 447 2012 allicis
482 1997 854 2012 ......

138 2049 213 2104 Quam
223 2047 310 2108 puichre
320 2048 415 2112 graditur
425 2047 469 2094 filia
480 2046 583 2108 Principis
622 2083 629 2096 .
702 2083 708 2094 .
776 2081 781 2094 .
848 2080 854 2092 .

138 2130 231 2189 Quantis
241 2130 307 2176 micas
318 2129 436 2178 honoribus
477 2163 851 2177 ......

138 2213 213 2272 Quem
224 2211 282 2259 misit
293 2212 316 2257 in
327 2221 390 2258 terras
402 2212 460 2258 Deus
476 2245 852 2261 ......

138 2293 212 2352 Quem
223 2307 274 2347 nox,
287 2308 353 2355 quern
363 2294 470 2348 tenebrae,
482 2294 588 2354 derisaque
599 2294 672 2340 nubila
702 2330 708 2341 .
776 2328 782 2340 .
849 2326 855 2338 .

138 2375 184 2434 Qri
196 2374 317 2421 Christiano
327 2374 443 2438 gloriantru
451 2376 540 2421 nomine
553 2407 853 2422 .....

138 2457 199 2516 Quid
209 2471 279 2503 moras
289 2456 373 2504 nectis?
391 2457 490 2516 Dornino
498 2457 582 2516 jubenti
626 2491 632 2504 .
699 2492 705 2503 .
772 2492 779 2504 .
846 2490 852 2503 .

138 2541 199 2600 Quid
209 2541 315 2587 obstinata
323 2549 408 2601 pectora

138 2622 199 2682 Qrid
208 2637 297 2680 sacram,
308 2623 383 2686 Virgo,
395 2637 498 2686 generosa
507 2621 592 2682 Martyr
626 2657 632 2668 .
700 2655 705 2668 .
774 2655 779 2668 .
847 2654 853 2666 .

137 2705 199 2764 Qrid
209 2714 240 2760 tu,
251 2706 326 2752 relictis
336 2705 421 2752 urbibus
475 2736 879 2753 .......

138 2786 183 2846 Qri
195 2800 234 2832 nos
244 2801 301 2833 creas
311 2785 372 2840 solus,
383 2787 446 2832 Pater
481 2819 851 2833 ......

138 2867 184 2927 Qri
195 2868 256 2914 sacris
265 2867 330 2914 bodie
341 2868 419 2914 sistitur
428 2868 469 2920 aris

137 2950 192 3010 Quis
203 2949 245 3006 iile,
256 2950 318 3012 sylvis
328 2965 340 2996 e
351 2950 492 3010 penetralibus
549 2983 851 2997 .....

138 3033 183 3093 Qu
194 3041 216 3080 to
227 3034 293 3088 Deus,
302 3035 342 3080 sub
353 3033 431 3079 intimo
473 3067 850 3081 ......

138 3115 204 3174 Qrod
215 3131 278 3164 tarne
288 3117 405 3170 Christum,
416 3117 492 3180 Virgo,
503 3116 566 3177 par'u,
577 3124 654 3163 vocant
699 3151 704 3161 .
773 3150 778 3162 .
847 3150 852 3161 .

138 3197 204 3258 Qrod
215 3199 250 3246 lex
260 3199 393 3246 adumbravit
403 3207 462 3246 vetus
471 3232 851 3247 ......
902 3193 935 3259 64

137 3281 189 3341 Quo
199 3289 281 3328 munias
292 3282 354 3328 ardor
364 3289 386 3327 te
396 3281 451 3342 rapit
472 3315 851 3328 ......
886 3291 932 3340 132
