2478 3928
269 374 323 432 152
458 357 496 415 In
517 356 672 415 Nalzvt'tatc
691 355 729 414 B.
750 355 875 414 Martae.

597 645 687 708 Sum.
711 650 740 709 8.

310 823 353 882 IN
383 821 646 882 NATIVITATE
674 821 839 881 BEATAE
868 821 1030 880 MARIAE

572 951 769 1013 VIRGINIS.

501 1174 547 1216 AD
568 1171 721 1217 OFFICIUM
744 1173 838 1217 Nocr.

312 1327 408 1386 Laetis
429 1337 503 1408 terra
524 1336 606 1385 sonet
627 1326 793 1402 plausibus:
822 1327 888 1385 huic
909 1326 965 1384 Dei

313 1409 406 1467 Mater
426 1406 519 1483 Virgo
540 1407 639 1479 datur3
668 1425 787 1466 munere
808 1426 868 1484 quo
888 1427 964 1467 nova

314 1491 351 1548 Se
372 1485 467 1547 rerum
488 1489 575 1548 facies
596 1491 725 1564 protinus
747 1491 843 1560 exerit,

392 1570 508 1629 Mundo
528 1589 586 1646 pax
606 1570 678 1628 redit
699 1589 792 1629 aurea.

314 1733 397 1792 Haec
418 1742 462 1792 est
482 1732 529 1791 illa
550 1725 663 1803 domus,
684 1751 743 1809 qua
762 1733 844 1792 Deus
864 1733 974 1792 advena

314 1815 350 1872 In
370 1815 451 1873 terris
471 1814 587 1884 habitat,
610 1815 698 1890 digna
717 1814 784 1873 Deo
805 1815 926 1887 domus;

315 1893 472 1973 Templum
492 1896 611 1974 grande,
633 1897 687 1954 sibi
708 1896 787 1972 quod
808 1897 924 1973 propria
943 1915 1031 1954 manu

397 1978 533 2037 Summus
555 1978 682 2036 condidit
702 1977 821 2036 Astifex.

315 2141 419 2199 Aureis
440 2159 507 2198 arca
527 2150 607 2198 vetus
628 2139 736 2199 fulserit
757 2141 884 2217 undique

318 2223 478 2280 Scintillans
499 2221 593 2280 radiis.
636 2221 720 2280 Haec
741 2240 845 2281 vacuas
866 2223 968 2281 decent

317 2303 460 2362 Umbras:
489 2303 604 2361 interior
626 2302 760 2362 Numinis
781 2304 870 2379 ipsius

358 2427 368 2450 ,
397 2386 504 2443 Arcam
525 2384 658 2443 nobilitas
680 2384 770 2443 decet.

318 2546 388 2605 Non
408 2545 454 2604 hic
475 2565 582 2605 manna
602 2547 677 2617 latet,
698 2547 798 2624 legifer
818 2558 867 2606 aut
888 2548 969 2624 lapis,

318 2627 387 2687 Non
408 2646 505 2686 ramus
526 2628 643 2688 sterilis:
672 2629 726 2688 flos
747 2630 822 2704 viget
843 2630 889 2689 hic
909 2630 988 2688 ferax

318 2709 479 2781 Virtutum3
509 2727 589 2768 sacer
609 2710 655 2768 hic
676 2711 759 2786 panis
780 2711 869 2770 homo
889 2711 987 2782 Deus;

401 2789 459 2848 Hic
480 2790 551 2867 legis
572 2792 677 2850 residet
697 2791 787 2851 dator.

320 2953 362 3010 Sit
382 2951 444 3012 laus
466 2971 580 3011 summa
600 2953 684 3025 Patri,
707 2973 877 3031 summaque
898 2955 986 3014 Filio:

319 3034 482 3092 Amborum
503 3035 538 3093 sit
559 3035 636 3094 idem
658 3036 774 3112 Spiritui
795 3037 892 3108 decus

319 3116 439 3174 Arcanis
460 3115 584 3174 habilem
606 3118 655 3193 qui
675 3117 832 3176 thalamum
853 3119 948 3178 modis

400 3196 515 3258 Christo
535 3209 685 3275 praeparat
706 3199 820 3276 hospiti.
