2430 3918
342 446 380 505 In
401 446 482 507 Festo
502 448 534 509 S.
552 449 693 527 Stephane:

282 610 368 669 Mens
389 629 494 688 nempe
515 613 595 688 largo
616 616 725 674 vividae

281 691 422 750 Torrente
443 693 514 752 lucis
536 695 621 766 ebria,

283 771 332 830 Nil
353 776 480 849 corporis
500 794 613 834 memor
635 779 686 848 sui,

279 853 347 930 Jam
368 873 399 914 se
419 856 509 915 beatis
530 858 635 916 inserit

280 1015 340 1088 Qui
360 1027 447 1077 natus
467 1037 499 1078 es
520 1019 557 1077 de
578 1019 706 1096 Virgine,

280 1096 360 1174 Jesu,
381 1100 432 1157 tibi
453 1101 489 1158 sit
509 1101 600 1176 gloria

281 1178 358 1238 Cum
380 1180 471 1252 Patre,
493 1201 618 1257 eumque
641 1181 754 1258 Spiritu,

176 1287 178 1292 ·
280 1260 316 1317 In
336 1263 508 1338 sempiterna
529 1264 634 1322 secula.

402 1669 448 1712 AD
470 1665 633 1720 vusPRRAS.

282 1819 363 1878 Miris
384 1821 487 1896 probat
506 1839 571 1879 sese
592 1821 687 1879 modis

283 1901 357 1960 Suos
378 1902 407 1958 in
428 1901 525 1960 hostes
547 1902 665 1974 caritas;

282 1982 319 2040 Et
339 1983 489 2041 blandiens
510 1993 539 2041 et
559 1984 710 2060 increpans

281 2065 385 2122 Amica
407 2083 521 2140 semper
542 2065 650 2123 caritas.

281 2224 342 2297 Qui
363 2237 442 2284 stans
463 2226 614 2302 perorabat
635 2227 697 2297 sibi,

281 2305 398 2366 Cadens
419 2317 447 2365 et
468 2308 601 2383 expirans
622 2307 710 2379 humi,
746 2353 748 2360 ,

281 2387 394 2464 Lingua
415 2389 512 2448 diserti
533 2389 687 2464 sanguinis

285 2468 349 2528 Suis
370 2480 484 2546 perorat
504 2470 641 2529 hostibus.

279 2631 396 2690 Audivit
418 2650 434 2689 e
456 2631 539 2690 coelo
559 2632 639 2690 Deus

284 2711 425 2788 Suprema
445 2714 531 2771 verba
552 2713 684 2788 Martyris
694 2732 702 2784 ;

281 2792 348 2850 Dux
371 2793 482 2864 Saulus,
504 2803 532 2852 et
553 2796 631 2853 testis
652 2795 730 2852 necis

281 2874 369 2934 Neeis
390 2875 424 2933 fit
448 2876 509 2953 ipse
530 2877 697 2952 praemium.

281 3037 389 3096 Fractis
407 3036 508 3113 jacens
529 3038 693 3109 cervicibus,

281 3117 318 3176 Et
340 3119 381 3177 sic
401 3120 493 3195 perire
514 3119 620 3191 laetior,

280 3198 309 3257 Ο
331 3199 452 3272 Christe,
474 3200 551 3273 dixit,
573 3202 685 3278 suscipe

280 3279 379 3352 Quem
401 3300 481 3360 pono
501 3301 554 3359 pro
574 3293 602 3342 te
624 3283 761 3359 spiritum.
