2514 3934
612 376 765 454 Wrginum.

363 529 429 598 Fac,
451 545 470 586 o
492 525 612 597 Christe,
633 536 699 585 tuae
719 526 848 601 Virginis
870 527 1007 597 aemulos,

363 610 429 668 Hac
450 627 504 668 nos
525 610 565 667 ire
586 609 636 666 tibi
659 626 716 684 qua
736 608 862 683 graditur
882 609 943 666 via:

364 690 422 763 Qui
436 709 509 767 gens
524 699 623 748 sancta
637 707 743 760 sumus,
758 689 886 748 moribus
902 690 1019 765 integris

443 772 501 830 Fac
522 772 576 830 soli
596 771 647 828 tibi
668 771 768 830 vivere.

361 935 408 993 Da
429 945 465 1006 te,
487 951 599 992 summe
621 932 712 1004 Pater,
733 934 831 992 tollere
852 931 1000 992 laudibus:

362 1017 409 1075 Da
422 1027 458 1087 te,
474 1015 594 1085 Christe,
609 1015 698 1090 sequi,
713 1015 809 1073 laurea
822 1014 993 1090 Virginum:

361 1098 419 1156 Fac
441 1099 559 1174 incensa,
579 1096 643 1167 tuiS,
666 1096 795 1172 Spiritus,
817 1096 934 1155 ardeant

442 1179 579 1238 Flammis
599 1178 702 1253 frigida
722 1188 847 1254 pectora.

506 1651 551 1696 AD
576 1648 729 1695 OFFICIUM
755 1648 851 1693 NOCI'·

568 1924 631 1982 Pro
650 1923 789 1998 Merme.

355 2152 508 2227 Virginum
528 2154 622 2224 robur,
643 2153 733 2226 Deus,
754 2163 840 2233 atque
861 2165 975 2214 custos:

359 2233 451 2293 Sexus
472 2234 602 2305 imbellis
622 2236 735 2295 medios
756 2255 807 2312 per
828 2255 920 2307 enses,

356 2315 436 2373 Dum
456 2316 542 2386 fovea,
564 2334 636 2392 quas
657 2336 716 2376 non
738 2328 852 2394 superat
872 2318 942 2376 virili

438 2396 557 2457 Pectore
577 2402 704 2458 mortes!

358 2558 414 2618 Pro
435 2561 490 2619 tuis
511 2561 566 2622 aris
587 2563 718 2620 animosa
738 2561 830 2638 Virgo

358 2640 447 2699 Molle
469 2642 518 2700 dat
538 2645 640 2718 poenis
660 2643 782 2702 incerare
803 2659 924 2718 corpus:

357 2722 426 2780 Non
448 2741 516 2782 suos
538 2726 630 2795 sentit,
651 2727 820 2783 memoro!
842 2733 966 2795 tuorum,

437 2803 558 2876 Christe,
579 2805 720 2864 dolomm.

355 2965 425 3025 Non
445 2985 547 3042 graves
568 2967 680 3043 plagae,
702 2967 786 3026 validi
806 2986 861 3026 nec
882 2969 955 3027 ictus

354 3047 500 3124 integram
521 3059 642 3125 possunt
663 3049 767 3108 violare
788 3060 930 3108 mentem:

354 3129 433 3201 Quin
454 3131 526 3190 sacri
541 3131 640 3190 crescit
661 3132 755 3208 magis
776 3132 936 3190 obstinatus

435 3213 530 3273 Ardor
550 3213 665 3272 amoris.
