2430 3918
323 383 408 442 Intra
432 381 563 440 Octavam
584 381 768 460 Epiphaniae.
907 401 941 458 51
972 417 974 425 v

186 546 251 604 Nos
272 547 353 604 radix
374 547 454 605 oleae
475 546 604 605 sustinet.
632 546 696 604 ΑΜ
720 565 796 618 cave,

185 628 246 699 Qui
267 638 333 699 staS,
354 647 391 685 ne
413 628 498 686 sterili
519 628 635 686 deficias
655 628 721 690 fide.

186 710 236 767 Tu
256 727 353 770 ramos
373 720 482 768 veteres
504 710 595 768 insere
617 710 730 769 denuo:

268 792 316 848 Tu
337 810 425 864 serva,
447 791 536 862 Deus,
557 791 665 850 insitos.

184 953 244 1026 Qui
265 971 319 1013 nos
339 955 471 1013 membra
491 954 563 1013 sacri
584 955 712 1032 corporis
733 954 827 1024 efficit,

185 1036 228 1093 Sit
249 1036 310 1094 laus
331 1054 445 1094 summa
465 1036 559 1094 Patri:
585 1036 646 1094 laus
667 1054 783 1113 quoque
804 1036 885 1106 Filio,

185 1117 277 1193 Cujus
297 1119 429 1176 membra
449 1135 567 1176 sumus:
593 1135 652 1194 quo
672 1119 752 1194 vigor
772 1118 864 1176 influit

265 1198 414 1272 Membris,
435 1200 497 1258 iaus
518 1200 577 1270 tibi,
599 1199 727 1276 Spiritus,

450 1524 615 1536 ———.

140 1741 145 1815 3¹
219 1741 352 1799 INTRA
373 1739 578 1800 OCTAVAM
599 1739 860 1803 EPIPHANIAE.

296 2033 298 2038 X
371 1977 417 2020 er>
438 1975 592 2022 orrrcrmvr
613 1977 709 2021 Nocr.

185 2172 253 2244 Qua
273 2172 355 2247 lapsu
376 2172 463 2230 tacito
484 2171 565 2232 stella
584 2171 756 2246 loquacibus

185 2253 323 2313 Scintillat
343 2254 437 2325 radiis,
458 2252 515 2313 buc
535 2253 626 2311 oculis
648 2252 738 2330 Magi,

184 2336 252 2394 Huc
275 2335 430 2405 desideriis,
450 2334 507 2394 huc
527 2335 634 2409 rapidis
656 2335 740 2392 simul

266 2416 384 2475 Certant
404 2416 521 2476 tendere
541 2416 683 2492 passibus.

184 2578 224 2636 Ut
245 2587 362 2636 ventum
385 2578 542 2654 Solymam,
563 2596 624 2637 non
645 2580 707 2638 sine
728 2581 846 2638 numine

183 2661 303 2719 Laetam
324 2661 405 2719 stella
424 2661 526 2730 facem,
547 2660 621 2735 proh
643 2661 740 2719 dolori
766 2663 885 2734 occulit,

185 2743 373 2819 Incertosque
393 2743 464 2812 viae,
486 2741 656 2800 ceu-medio
677 2761 780 2818 vagam

265 2823 368 2895 Cursu,
390 2824 523 2894 destituit,
544 2833 643 2883 ratem.

184 2985 235 3055 Illi,
257 2985 295 3043 nil
317 2986 425 3045 rabiem
446 2985 592 3062 p'rincipis,
614 2985 724 3044 invidas

183 3067 233 3125 Nil
254 3077 328 3126 artes
349 3068 436 3139 veriti,
459 3066 551 3146 (tanta
571 3068 674 3126 animis
695 3067 767 3125 fides
777 3065 797 3144 Ι)

182 3147 272 3207 Urbis
292 3167 345 3225 per
364 3149 493 3226 trepidae
513 3150 641 3225 compita
660 3148 828 3224 praedicant

265 3229 379 3307 Regem
400 3249 536 3307 quaerere
557 3249 589 3312 se
609 3249 726 3290 novum.

617 3329 637 3369 a
655 3331 670 3368 2
