2478 3928
263 393 316 462 158

531 387 587 448 SS.
609 388 787 465 Argeorum.

339 554 416 614 Nam
438 556 518 632 quod
539 556 674 614 corruerit
695 555 823 631 proditor
843 555 982 630 Angelus,

338 636 493 697 Concessis
513 638 616 696 merito
637 637 737 714 pulsus
758 637 923 706 honoribus,

338 719 452 777 Ardens
474 720 586 789 invidia,
608 719 713 795 pellere
734 720 830 776 nititur

420 800 504 872 Quos
525 801 608 859 coelo
629 801 709 858 Deus
731 801 860 858 advocat.

339 961 408 1020 Huc
429 963 632 1039 custos-igitur
651 963 769 1040 pervigil
790 963 899 1032 advola,

338 1045 478 1103 Avertens
498 1045 590 1120 patria
611 1045 648 1103 de
668 1045 719 1102 tibi
740 1045 847 1103 credita

220 1169 222 1176 .
295 1143 296 1147 ¹
338 1123 415 1183 Tam
436 1127 554 1184 morbos
575 1127 671 1197 animi,
693 1145 782 1202 quam
802 1126 979 1202 requiescere

420 1207 570 1283 Quidquid
591 1226 651 1266 non
672 1209 738 1268 sinit
758 1208 875 1267 incolas.

344 1371 403 1442 Qui
424 1371 495 1428 lucis
517 1370 600 1428 Pater
621 1380 672 1443 est,
684 1372 785 1446 ¹gloria
805 1373 841 1430 sit
863 1370 954 1428 Patri:

342 1453 401 1525 Qui
422 1452 470 1509 lux
492 1453 555 1528 ipsa
576 1451 675 1523 Patris,
697 1454 788 1528 gloria
809 1453 897 1511 Filio:

339 1535 559 1609 Amborumque
580 1534 639 1604 tibi,
662 1553 753 1592 nexus
774 1533 912 1604 amabilis

233 1699 236 1718 Ι
339 1616 467 1691 Compar
487 1616 585 1691 gloria,
608 1615 737 1692 Spiritus.

559 1967 606 2012 AD
628 1967 762 2013 LAUDES.

339 2154 488 2229 Regnator
508 2153 586 2212 orbis
608 2171 738 2211 summus
759 2163 788 2211 et
808 2155 919 2223 arbiter,

339 2236 394 2294 Cui
415 2253 508 2311 prona
529 2235 612 2294 servit
634 2235 711 2293 curia
732 2233 893 2305 Coelitum;

339 2316 423 2388 Quae
445 2334 515 2375 voce
537 2317 598 2375 sola
619 2325 649 2373 tu
670 2317 780 2386 creasti,

339 2398 481 2475 Perpetua
500 2399 577 2473 regis
598 2398 660 2473 ipse
682 2416 757 2455 cura.

339 2560 433 2619 Nobis
454 2560 552 2618 fideles
573 2560 708 2636 providus
729 2560 858 2636 Angelos

339 2642 447 2702 Missos
469 2641 597 2718 Olympo
619 2642 785 2717 suppeditas
807 2642 901 2710 duces,

340 2723 399 2796 Qui
420 2741 474 2782 nos
495 2734 537 2781 tot
558 2723 694 2782 obsessos
715 2723 828 2799 periclis

340 2806 503 2864 Incolumes
525 2805 586 2863 sine
607 2804 672 2862 labe
693 2814 821 2863 servent:

338 2966 385 3026 Ne
406 2986 461 3026 nos
481 2968 614 3042 malignis
635 2966 780 3026 fraudibus
802 2983 955 3041 occupans,

343 3050 461 3107 lncauta
482 3049 559 3108 fallat
579 3059 698 3124 pectora
719 3049 857 3108 subdolus

340 3130 447 3189 Suasor
467 3132 626 3202 malorum;
652 3149 688 3189 ne
709 3132 889 3206 redemptam

336 3213 471 3297 'Abripiat
492 3212 636 3288 lanietque
657 3213 803 3288 praedam.
