2456 3904
287 394 291 412 .
339 356 378 417 In
397 356 478 417 Festo
498 354 554 416 SS.
576 354 767 416 Innocentiam.
901 371 953 428 251

320 523 469 582 Exclamat
490 539 590 580 amens
610 521 728 580 nuntio:

323 605 477 664 Successor
497 605 590 669 instat,
611 603 757 679 pellimur:

323 686 440 745 Satelles
461 685 477 751 i,
499 685 604 743 ferrum
625 701 711 761 rape:

321 767 463 826 Perfunde
484 785 573 825 cunas
594 767 741 842 sanguine.

321 929 401 1002 Quid
421 929 532 1004 proficit
551 939 662 987 tantum
683 928 784 988 nefas?

319 1011 398 1083 Quid
419 1011 528 1070 crimen
548 1009 698 1070 Herodem
710 1011 808 1087 juvat?

320 1093 403 1151 Unus
424 1103 466 1151 tot
487 1093 559 1150 inter
579 1092 679 1152 smera

320 1174 442 1249 Impune
464 1172 593 1232 Christus
614 1174 725 1232 tollitur.

321 1337 399 1414 jesu,
420 1333 471 1394 tibi
492 1336 527 1394 sit
547 1334 645 1412 gloria,

320 1418 380 1490 Qui
400 1427 483 1475 natus
504 1435 535 1476 es
557 1417 593 1476 de
614 1417 742 1493 Virgine,

319 1499 394 1557 Cum
416 1498 498 1556 Patre
519 1508 547 1556 et
568 1499 645 1558 almo
667 1498 781 1574 Spiritu,

320 1580 355 1637 In
377 1581 550 1657 sempiterna
571 1580 691 1640 saecua.

458 1951 503 1996 Ar>
524 1949 659 1997 LAttnns.

322 2141 431 2200 Sslvete
453 2139 537 2198 flores
559 2138 726 2216 Martpmrm,

324 2223 407 2295 Quos
428 2221 498 2279 lucis
519 2222 583 2297 ipso
603 2222 633 2279 in
654 2222 760 2280 lumine

323 2303 427 2362 Christi
448 2304 591 2361 insecutor
612 2303 731 2374 sustulit,

321 2385 384 2444 Ceu
403 2385 486 2442 turbo
507 2395 656 2443 nascentes
677 2403 765 2444 rosas

321 2548 384 2606 Vos
405 2549 497 2623 prima
518 2546 623 2606 Christi
643 2547 765 2617 victima,

323 2629 401 2688 Grex
423 2629 635 2687 immolatorum
654 2638 742 2699 tener,

321 2713 410 2769 Aram
431 2711 484 2769 sub
506 2711 599 2786 ipsam
621 2710 765 2786 simplices

322 2792 421 2851 Palma
442 2803 470 2850 et
491 2792 604 2852 coronis
623 2791 728 2852 luditis.

322 2955 400 3032 Jesu,
421 2956 471 3014 tibi
493 2955 528 3014 sit
548 2954 648 3030 gloria,

324 3035 382 3108 Qui
402 3047 485 3096 natus
506 3055 538 3095 es
560 3036 596 3094 de
617 3036 744 3112 Virgine,

323 3116 398 3175 Cum
420 3117 502 3176 Patre
523 3128 551 3176 et
571 3118 647 3176 almo
670 3117 784 3192 Spiritu,

324 3197 359 3255 In
380 3200 551 3275 sempiterna
571 3198 692 3258 saecula.
