2408 3904
341 433 437 494 Missa
451 435 482 492 de
495 434 597 510 Septem
612 435 771 496 Dolorr'bus.
890 444 927 512 38
931 461 948 513 3

225 719 345 777 MISSA
371 719 426 776 DE
452 718 614 777 SEPTEM
640 719 875 781 DOLORIBUS

398 842 431 900 B.
447 842 489 900 M.
504 841 701 901 VIRGINIS.

312 991 410 1048 Stabat
431 989 526 1047 Mater
547 989 688 1059 dolorosa,

309 1071 394 1148 Juxta
415 1089 530 1128 cmcem
552 1071 720 1146 lacrymosa,

350 1153 429 1210 Dum
450 1151 594 1227 pendebat
615 1152 702 1210 Filius
713 1174 721 1224 ;

310 1234 399 1309 Cujus
421 1235 546 1291 animam
567 1245 741 1309 gementem,

309 1315 531 1372 Contristautem
553 1324 580 1372 et
602 1315 757 1386 dolentem,

348 1395 527 1454 Pertransivit
548 1395 668 1470 gladius.

306 1527 333 1585 O
355 1544 443 1602 quam
463 1527 547 1584 tristis
569 1536 597 1584 et
619 1527 722 1586 afflicta

305 1609 369 1665 Fuit
390 1608 437 1665 illa
455 1608 606 1666 benedicta

345 1690 438 1747 Mater
459 1689 615 1764 Unigeniti,

306 1770 389 1841 Quae
411 1771 558 1828 moerebat
579 1782 607 1828 et
628 1771 743 1828 dolebat

305 1852 340 1909 Et
361 1853 508 1922 tremebat,
530 1870 597 1910 cum
617 1852 731 1910 videbat

342 1934 409 1992 Nati
430 1952 540 2009 poenas
563 1933 666 2008 inclyti.

302 2065 375 2136 Quis
396 2075 440 2123 est
461 2065 549 2124 homo
571 2066 620 2140 qui
641 2083 701 2121 uon
722 2065 809 2137 fleret,

302 2147 406 2204 Christi
425 2157 546 2205 matrem
568 2147 591 2205 si
611 2147 718 2204 videret

341 2228 375 2284 In
396 2238 475 2286 tanto
489 2229 648 2304 supplicio:

300 2309 373 2379 Quis
394 2320 492 2384 posset
513 2328 572 2367 non
593 2311 752 2368 contristari

300 2391 380 2447 Piam
401 2400 520 2449 matrem
542 2391 737 2465 contemplari,

338 2471 493 2529 Dolentem
514 2489 580 2528 cum
603 2471 692 2529 Filio!

299 2602 353 2660 Pro
374 2601 499 2677 peccatis
521 2619 589 2659 suae
610 2602 712 2676 gentiS,

298 2683 375 2741 Vidit
395 2682 496 2760 Jesum
517 2683 546 2738 in
570 2684 727 2752 tormentis,

336 2764 373 2821 Et
394 2763 512 2839 flagellis
534 2763 697 2822 subditum:

296 2845 376 2904 Vidit
398 2863 481 2904 suum
503 2846 617 2903 dulcem
637 2855 736 2903 natum

293 2926 474 2998 Morientem,
496 2927 663 2998 desolatum,

333 3009 411 3067 Dum
431 3009 525 3068 emisit
546 3009 684 3084 spiritum.

251 3151 253 3158 '
291 3141 345 3198 Eia
365 3141 467 3212 Mater,
488 3139 553 3200 sons
574 3141 688 3211 amoris,
713 3153 718 3213 ζ

291 3222 341 3280 Me
363 3223 466 3281 sentire
488 3223 544 3280 vim
566 3222 681 3292 doloris,

331 3305 388 3362 Fac
409 3313 439 3362 ut
460 3315 555 3362 tecum
576 3305 691 3380 lugeam
784 3343 788 3352 ·
