2514 3934
529 371 765 420 PRAEFATIO.

248 555 338 608 nostris,
350 555 396 614 qui,
408 568 477 600 caeco
495 554 594 613 quodam
611 552 788 607 reformationis,
800 566 869 611 quam
881 558 973 605 vocant,
985 558 1049 596 aestu

248 684 271 728 in
282 683 381 729 Ecclesia
398 683 482 742 passim
499 683 608 735 fervente,
620 696 633 726 e
644 679 790 742 religionibus
807 679 859 734 suis,
870 694 917 724 non
934 693 993 738 quae
1010 693 1050 724 ex-

249 815 349 851 terorum
370 805 469 850 studium
490 813 601 864 posceret,
619 805 657 850 sed
677 819 736 864 quae
757 805 790 850 vis
810 812 964 864 extorqueret,
981 804 1048 850 missa

249 929 366 982 fecerunt;
392 944 404 974 a
428 929 542 974 malesana
563 926 707 986 philosophia
727 929 809 987 ereptis
827 929 929 982 caeteris,
950 943 976 974 ea
996 942 1050 973 con·

248 1051 357 1104 cedendo,
375 1065 434 1109 quae
454 1050 599 1096 sanctitatem
619 1051 686 1109 plane
706 1052 799 1106 nullam,
819 1066 898 1111 parem
919 1060 997 1098 autem
1017 1051 1051 1096 in-

248 1175 334 1219 vidiam
356 1174 473 1221 haberent.
511 1175 571 1220 Hinc
592 1173 630 1228 illi,
651 1175 732 1234 quibus
752 1171 812 1222 nunc
835 1176 928 1234 utimur,
948 1176 1004 1222 ritus
1027 1184 1051 1222 et

250 1296 405 1342 caeremoniae
415 1312 421 1350 ;
438 1295 492 1341 hinc
503 1309 578 1342 rerum
590 1295 718 1342 divinarum
730 1296 787 1341 ordo
797 1312 803 1351 ;
820 1295 873 1343 hinc
885 1304 908 1341 et
920 1296 1050 1356 disciplinae

249 1429 339 1466 nostrae
351 1421 425 1465 forma
437 1428 460 1465 et
472 1420 554 1481 agendi
565 1421 624 1465 ratio
636 1420 758 1482 repetenda
770 1429 811 1467 est.

285 1542 354 1598 Quod
375 1543 392 1588 si
410 1542 451 1588 fiat
467 1543 579 1601 quaestio,
596 1557 635 1588 cur
655 1543 820 1605 diligentissimi
837 1542 887 1598 riri,
904 1557 956 1589 cum
974 1551 1051 1588 nostra

249 1666 326 1712 omnia
338 1674 494 1721 retractarent,
507 1666 658 1730 hymnodiam
675 1669 749 1714 solum
765 1668 885 1722 intactam,
898 1677 921 1714 et
937 1677 1048 1727 tanquam

249 1794 398 1852 desperatam,
411 1808 439 1838 ne
451 1794 526 1839 dicam
538 1794 693 1853 improbatam
705 1794 842 1854 reliquerint,
852 1795 874 1839 id
885 1809 940 1840 vero
952 1809 981 1840 ex
993 1795 1051 1855 ejus-

249 1915 312 1960 modi
323 1915 412 1960 silentio
423 1915 518 1963 minime
534 1915 687 1977 colligendum
703 1916 753 1962 erit.
785 1916 856 1970 Nam,
868 1931 921 1962 cum
937 1925 1049 1963 statutum

249 2046 314 2093 esset,
322 2047 348 2085 ut
360 2039 434 2084 cultus
446 2038 541 2091 divinus,
551 2053 579 2084 eo
590 2055 661 2100 usque
672 2040 696 2085 in
707 2039 792 2086 Latino
804 2041 913 2087 idiomate
925 2041 1050 2096 absolutus,

249 2163 353 2209 transiret
369 2163 393 2206 in
408 2162 560 2217 vernaculam,
572 2162 622 2222 quis
638 2164 710 2218 daret,
722 2172 749 2209 ut
764 2163 801 2224 qui
818 2172 910 2224 possent
926 2164 1011 2224 aliquid
1027 2165 1050 2210 in

250 2286 315 2332 rebus
327 2285 483 2339 reformandis,
492 2285 508 2329 ii
520 2284 543 2330 in
554 2285 645 2344 poetica
657 2284 763 2332 florerent
775 2287 849 2342 simul,
858 2287 927 2334 verba
938 2296 1015 2334 autem
1027 2289 1051 2334 in

249 2422 339 2454 versum
351 2417 374 2454 et
383 2407 526 2468 quaestiones
536 2409 564 2453 ad
574 2409 675 2455 veritatis
685 2423 798 2464 normam,
806 2410 854 2469 pari
864 2410 954 2458 solertia
964 2411 1052 2474 redige-

249 2535 318 2580 rent?
351 2534 417 2580 Unde
434 2535 521 2580 factum
537 2543 578 2590 est,
590 2544 616 2581 ut
632 2535 656 2580 in
671 2534 752 2582 officiis
769 2534 857 2590 divinis,
869 2536 924 2581 dum
939 2534 1051 2583 habemus

249 2667 346 2713 caetera,
357 2658 456 2720 hymnos
467 2675 515 2706 non
526 2659 658 2708 habeamus.

283 2787 361 2845 Qrare
382 2786 406 2831 in
425 2785 469 2832 hac
490 2786 604 2832 Ecclesiae
625 2794 716 2832 nostrae
735 2784 886 2846 qualicunque
903 2786 988 2848 inopia,
1005 2787 1052 2833 hoc

249 2918 361 2969 tempore,
377 2909 460 2955 Lector
477 2908 595 2962 benevole,
611 2907 653 2954 tibi
670 2907 805 2966 apponenda
822 2908 943 2956 statuimus
960 2909 997 2956 illa
1014 2911 1051 2956 vel

250 3032 340 3078 illorum
352 3031 440 3086 similia,
452 3046 511 3091 quae
522 3030 593 3078 nostri
605 3030 629 3075 in
641 3031 732 3077 saeculo
748 3031 838 3079 decimo
856 3041 928 3088 sexto,
941 3047 993 3080 cum
1010 3049 1051 3081 sua

251 3162 332 3208 esseut,
349 3155 377 3202 de
394 3153 499 3200 manibus
515 3154 637 3214 prudenter
654 3151 795 3211 amiserun't3
815 3169 863 3202 non
880 3155 925 3211 illa,
942 3155 1051 3202 exomni
