2456 3904
264 395 320 448 286
518 387 556 447 In
577 387 659 448 Festo
678 387 711 448 S.
722 389 812 448 Petri.

423 554 451 613 O
472 571 546 623 vera,
569 552 690 624 Christe,
712 553 843 624 charitas,

423 637 471 693 Tu
492 644 590 694 nostra
610 653 703 713 purga
723 636 850 706 crimina,

424 717 473 774 Tu
493 717 581 776 corda
602 717 681 795 reple
702 718 801 792 gratia,

421 797 470 856 Tu
490 798 579 857 redde
600 799 672 858 coeli
693 800 829 876 praemia.

421 961 504 1032 Patri,
526 961 668 1037 simulque
689 961 770 1027 Filio,

418 1042 544 1118 Tibique
566 1052 664 1101 sancte
687 1043 815 1119 Spiritus,

420 1124 499 1182 Sicut
520 1125 582 1195 fuit,
603 1125 639 1183 sit
657 1125 763 1201 jugiter

419 1205 553 1264 Saeclum
574 1224 626 1282 per
646 1224 734 1265 omne
755 1205 854 1282 gloria.

512 1384 558 1426 AD
580 1384 798 1428 MATUTINUM.

417 1511 511 1570 Maria
532 1512 619 1570 castis
640 1511 746 1570 osculis

417 1593 533 1652 Lambit
553 1592 610 1652 Dei
631 1593 767 1668 vestigia:

416 1674 499 1733 Fletu
519 1676 600 1750 rigat,
621 1675 706 1749 tergit
727 1675 830 1744 comis

417 1755 540 1815 Detersa
560 1756 651 1814 nardo
672 1756 792 1831 perlinit.

417 1919 484 1977 Deo
505 1918 582 1977 Patri
604 1919 640 1978 sit
660 1917 760 1994 gloria,

414 2000 546 2077 Ejusque
568 2000 623 2059 soli
644 2000 727 2070 Filio,

415 2080 492 2138 Cum
516 2081 621 2156 Spiritu
642 2080 783 2140 Paraclito

414 2161 511 2232 Nunc,
533 2171 562 2220 et
582 2179 634 2238 per
655 2180 743 2221 omne
765 2162 920 2220 saeculum.

549 2347 752 2358 „a———u--n—

551 2491 595 2548 IN
617 2488 750 2548 FESTO

411 2611 438 2667 S.
461 2610 586 2669 PETRI
608 2610 666 2669 AD
687 2607 883 2668 VINCULA.

532 2804 577 2846 AD
600 2803 763 2848 vusPuRAS.

327 2924 409 2981 Miris
431 2923 526 2982 modis
547 2932 666 3000 repente
685 2913 765 2988 liber,
788 2923 880 2981 serrea

325 3005 440 3063 Christo
458 3005 577 3080 jubente
597 3005 691 3064 vincla
711 3004 812 3064 Petrus
834 3006 929 3063 exuit:

325 3086 415 3146 Ovilis
437 3086 483 3144 ille
504 3095 610 3164 pastor,
633 3097 662 3144 et
682 3097 775 3145 rector
795 3089 900 3163 gregis

323 3169 407 3226 Vitae
429 3168 546 3227 recludit
567 3187 683 3246 pascua,
705 3177 734 3228 et
754 3167 850 3229 sontes
872 3186 977 3234 sacros,

323 3250 458 3326 Ovesque
481 3260 571 3310 servat
592 3251 722 3324 creditas,
744 3261 822 3311 arcet
842 3252 935 3326 lupos.
