2456 3904
275 373 331 427 274
466 347 505 404 In
519 344 601 402 Festo
618 341 750 418 Corporis
767 340 884 403 Christi.

433 508 468 564 In
489 520 641 579 supremae
662 511 747 559 nocte
768 519 877 560 coenae

435 586 623 646 Recumbens
644 601 712 642 etun
733 581 873 656 fratribus,

434 669 594 728 Observata
614 667 679 740 lege
699 665 785 740 plene
804 735 807 742 γ

436 751 516 810 Cibis
537 749 566 806 in
587 747 734 823 legalibus,
849 736 857 753 ‘

435 833 541 891 Cibum
562 831 661 888 turbae
683 828 835 886 duodenae

436 915 473 972 Se
494 912 543 971 dat
564 911 622 969 suis
643 910 784 967 manibus.

435 1077 566 1133 Verbum
589 1092 665 1144 caro,
686 1090 794 1148 panem
816 1091 915 1131 verum

434 1158 533 1215 Verbo
554 1173 670 1213 carnem
692 1155 792 1213 efficit:

434 1240 537 1314 Fitque
558 1237 675 1312 sanguis
697 1234 803 1296 Christi
823 1253 944 1305 merum,

435 1321 473 1378 Et
488 1321 513 1378 si
534 1337 636 1378 sensus
657 1317 769 1375 deficit:

434 1402 482 1459 Ad
503 1401 677 1458 firmandum
698 1416 749 1456 cor
772 1399 915 1457 sincerum

436 1483 503 1541 Sola
524 1482 597 1540 fides
619 1479 729 1540 suffieit.

436 1646 564 1704 Tantum
586 1660 655 1718 ergo
677 1641 896 1700 Sacramentum

435 1729 615 1786 Veneremur
639 1726 752 1782 cemui:
852 1761 858 1774 .

436 1809 473 1867 Et
494 1808 644 1883 antiquum
670 1806 876 1864 documentum

437 1890 523 1949 Novo
545 1889 628 1946 cedat
648 1889 730 1945 ritui:

436 1972 565 2029 Praestet
586 1969 658 2027 fides
683 1969 915 2045 supplementum

438 2052 581 2110 Sensuum
602 2051 734 2110 defectui.

438 2213 576 2284 Genitori,
599 2211 763 2288 Genitoque

435 2295 513 2353 Laus
535 2303 563 2352 et
582 2294 722 2369 jubilatio,

437 2376 528 2442 Salus,
550 2375 651 2445 honor,
672 2375 759 2434 virtus
780 2391 898 2452 quoque

438 2457 480 2516 Sit
501 2467 529 2516 et
549 2456 714 2515 benedictio
724 2476 732 2528 ;

436 2539 605 2598 Procedenti
623 2539 664 2597 ¹ab
685 2547 807 2614 utroque

437 2621 564 2697 Compar
586 2623 622 2680 sit
642 2618 776 2679 laudatio.

534 2850 580 2891 AD
601 2849 821 2893 MATUTINUM·

358 2973 450 3030 Sacris
473 2971 618 3029 solemniis
638 2970 736 3045 juncta
757 2973 813 3030 sint
827 2973 940 3048 gaudia,

355 3056 392 3112 Et
414 3073 448 3111 ex
470 3051 643 3127 praecordiis
665 3064 769 3112 sonent
782 3055 952 3130 praeconia3

355 3135 503 3209 Recedant
522 3142 625 3202 vetera,
648 3149 723 3192 nova
744 3136 801 3194 sint
824 3137 931 3201 omnia,

434 3217 538 3288 Corda,
561 3234 655 3284 voces,
678 3225 705 3274 et
726 3236 822 3293 opera.
