<?xml version="1.0" encoding="UTF-8"?>
<!DOCTYPE html PUBLIC "-//W3C//DTD XHTML 1.0 Transitional//EN"
    "http://www.w3.org/TR/xhtml1/DTD/xhtml1-transitional.dtd">
<html xmlns="http://www.w3.org/1999/xhtml" xml:lang="en" lang="en">
 <head>
  <title>
</title>
<meta http-equiv="Content-Type" content="text/html;charset=utf-8" />
  <meta name='ocr-system' content='tesseract 3.04.00' />
  <meta name='ocr-capabilities' content='ocr_page ocr_carea ocr_par ocr_line ocrx_word'/>
</head>
<body>
  <div class='ocr_page' id='page_1' title='image "./hymniecclesiae01churgoog_0214.png"; bbox 0 0 2514 3934; ppageno 0'>
   <div class='ocr_carea' id='block_1_1' title="bbox 520 408 672 484">
    <p class='ocr_par' dir='ltr' id='par_1_1' title="bbox 520 408 672 484">
     <span class='ocr_line' id='line_1_1' title="bbox 520 408 672 484; baseline 0.013 -18"><span class='ocrx_word' id='word_1_1' title='bbox 520 408 672 484; x_wconf 81' lang='lat' dir='ltr'>Vr&#39;rginum.</span> 
     </span>
    </p>
   </div>
   <div class='ocr_carea' id='block_1_2' title="bbox 269 571 853 876">
    <p class='ocr_par' dir='ltr' id='par_1_2' title="bbox 271 571 811 648">
     <span class='ocr_line' id='line_1_2' title="bbox 271 571 811 648; baseline 0.006 -19"><span class='ocrx_word' id='word_1_2' title='bbox 271 573 384 647; x_wconf 87' lang='lat' dir='ltr'>Sponsa</span> <span class='ocrx_word' id='word_1_3' title='bbox 405 571 508 630; x_wconf 92' lang='lat' dir='ltr'>dilecto</span> <span class='ocrx_word' id='word_1_4' title='bbox 529 571 667 647; x_wconf 88' lang='lat' dir='ltr'>placi-tura</span> <span class='ocrx_word' id='word_1_5' title='bbox 688 571 811 648; x_wconf 87' lang='lat' dir='ltr'>Spons0,</span> 
     </span>
    </p>

    <p class='ocr_par' dir='ltr' id='par_1_3' title="bbox 269 653 798 730">
     <span class='ocr_line' id='line_1_3' title="bbox 269 653 798 730; baseline 0.006 -21"><span class='ocrx_word' id='word_1_6' title='bbox 269 653 398 728; x_wconf 89' lang='lat' dir='ltr'>Despicit</span> <span class='ocrx_word' id='word_1_7' title='bbox 418 662 533 728; x_wconf 90' lang='lat' dir='ltr'>ruptum</span> <span class='ocrx_word' id='word_1_8' title='bbox 553 653 657 712; x_wconf 85' lang='lat' dir='ltr'>laniata</span> <span class='ocrx_word' id='word_1_9' title='bbox 678 672 798 730; x_wconf 91' lang='lat' dir='ltr'>corpus:</span> 
     </span>
    </p>

    <p class='ocr_par' dir='ltr' id='par_1_4' title="bbox 271 734 853 876">
     <span class='ocr_line' id='line_1_4' title="bbox 271 734 853 807; baseline 0.005 -17"><span class='ocrx_word' id='word_1_10' title='bbox 271 734 322 792; x_wconf 86' lang='lat' dir='ltr'>Est</span> <span class='ocrx_word' id='word_1_11' title='bbox 344 753 411 794; x_wconf 91' lang='lat' dir='ltr'>suus</span> <span class='ocrx_word' id='word_1_12' title='bbox 432 736 538 794; x_wconf 90' lang='lat' dir='ltr'>truncis</span> <span class='ocrx_word' id='word_1_13' title='bbox 559 735 651 807; x_wconf 81' lang='lat' dir='ltr'>honor</span> <span class='ocrx_word' id='word_1_14' title='bbox 671 745 700 794; x_wconf 90' lang='lat' dir='ltr'>et</span> <span class='ocrx_word' id='word_1_15' title='bbox 720 745 853 796; x_wconf 88' lang='lat' dir='ltr'>venustas</span> 
     </span>
     <span class='ocr_line' id='line_1_5' title="bbox 351 810 642 876; baseline 0.014 -4"><span class='ocrx_word' id='word_1_16' title='bbox 351 810 409 874; x_wconf 72' lang='lat' dir='ltr'>Est¹</span> <span class='ocrx_word' id='word_1_17' title='bbox 425 834 476 874; x_wconf 86' lang='lat' dir='ltr'>sua</span> <span class='ocrx_word' id='word_1_18' title='bbox 497 818 642 876; x_wconf 89' lang='lat' dir='ltr'>membris.</span> 
     </span>
    </p>
   </div>
   <div class='ocr_carea' id='block_1_3' title="bbox 271 978 856 1282">
    <p class='ocr_par' dir='ltr' id='par_1_5' title="bbox 271 978 832 1055">
     <span class='ocr_line' id='line_1_6' title="bbox 271 978 832 1055; baseline 0 -18"><span class='ocrx_word' id='word_1_19' title='bbox 271 979 375 1037; x_wconf 91' lang='lat' dir='ltr'>Omnis</span> <span class='ocrx_word' id='word_1_20' title='bbox 396 997 413 1036; x_wconf 86' lang='lat' dir='ltr'>a</span> <span class='ocrx_word' id='word_1_21' title='bbox 433 989 512 1036; x_wconf 91' lang='lat' dir='ltr'>recto</span> <span class='ocrx_word' id='word_1_22' title='bbox 533 978 594 1037; x_wconf 88' lang='lat' dir='ltr'>fluit</span> <span class='ocrx_word' id='word_1_23' title='bbox 614 979 659 1038; x_wconf 93' lang='lat' dir='ltr'>ille</span> <span class='ocrx_word' id='word_1_24' title='bbox 681 980 832 1055; x_wconf 81' lang='lat' dir='ltr'>splendor:</span> 
     </span>
    </p>

    <p class='ocr_par' dir='ltr' id='par_1_6' title="bbox 272 1059 856 1132">
     <span class='ocr_line' id='line_1_7' title="bbox 272 1059 856 1132; baseline -0.002 -13"><span class='ocrx_word' id='word_1_25' title='bbox 272 1060 392 1132; x_wconf 88' lang='lat' dir='ltr'>Christe,</span> <span class='ocrx_word' id='word_1_26' title='bbox 414 1061 455 1119; x_wconf 89' lang='lat' dir='ltr'>sic</span> <span class='ocrx_word' id='word_1_27' title='bbox 476 1060 546 1118; x_wconf 88' lang='lat' dir='ltr'>olim</span> <span class='ocrx_word' id='word_1_28' title='bbox 568 1079 652 1120; x_wconf 89' lang='lat' dir='ltr'>cruce</span> <span class='ocrx_word' id='word_1_29' title='bbox 673 1071 771 1120; x_wconf 88' lang='lat' dir='ltr'>tensus</span> <span class='ocrx_word' id='word_1_30' title='bbox 793 1059 856 1131; x_wconf 85' lang='lat' dir='ltr'>alta,</span> 
     </span>
    </p>

    <p class='ocr_par' dir='ltr' id='par_1_7' title="bbox 271 1140 835 1282">
     <span class='ocr_line' id='line_1_8' title="bbox 271 1140 835 1218; baseline 0.002 -18"><span class='ocrx_word' id='word_1_31' title='bbox 271 1142 444 1218; x_wconf 91' lang='lat' dir='ltr'>Obsequens</span> <span class='ocrx_word' id='word_1_32' title='bbox 465 1140 549 1212; x_wconf 89' lang='lat' dir='ltr'>Patri,</span> <span class='ocrx_word' id='word_1_33' title='bbox 571 1142 680 1202; x_wconf 88' lang='lat' dir='ltr'>laceros</span> <span class='ocrx_word' id='word_1_34' title='bbox 701 1143 835 1218; x_wconf 84' lang='lat' dir='ltr'>placebas</span> 
     </span>
     <span class='ocr_line' id='line_1_9' title="bbox 354 1223 715 1282; baseline -0.003 0"><span class='ocrx_word' id='word_1_35' title='bbox 354 1223 497 1282; x_wconf 89' lang='lat' dir='ltr'>Horridus</span> <span class='ocrx_word' id='word_1_36' title='bbox 519 1233 604 1282; x_wconf 84' lang='lat' dir='ltr'>artus</span> <span class='ocrx_word' id='word_1_37' title='bbox 712 1261 715 1271; x_wconf 84' lang='lat'>·</span> 
     </span>
    </p>
   </div>
   <div class='ocr_carea' id='block_1_4' title="bbox 273 1384 905 1705">
    <p class='ocr_par' dir='ltr' id='par_1_8' title="bbox 275 1384 905 1462">
     <span class='ocr_line' id='line_1_10' title="bbox 275 1384 905 1462; baseline 0.002 -19"><span class='ocrx_word' id='word_1_38' title='bbox 275 1387 395 1443; x_wconf 84' lang='lat' dir='ltr'>Summa</span> <span class='ocrx_word' id='word_1_39' title='bbox 415 1385 476 1443; x_wconf 84' lang='lat' dir='ltr'>laus</span> <span class='ocrx_word' id='word_1_40' title='bbox 498 1384 582 1457; x_wconf 82' lang='lat' dir='ltr'>Patri,</span> <span class='ocrx_word' id='word_1_41' title='bbox 603 1385 759 1462; x_wconf 84' lang='lat' dir='ltr'>genitoque</span> <span class='ocrx_word' id='word_1_42' title='bbox 780 1385 905 1456; x_wconf 70' lang='lat' dir='ltr'>Verbo;‘</span> 
     </span>
    </p>

    <p class='ocr_par' dir='ltr' id='par_1_9' title="bbox 273 1467 835 1542">
     <span class='ocr_line' id='line_1_11' title="bbox 273 1467 835 1542; baseline 0.004 -19"><span class='ocrx_word' id='word_1_43' title='bbox 273 1467 310 1524; x_wconf 90' lang='lat' dir='ltr'>Et</span> <span class='ocrx_word' id='word_1_44' title='bbox 331 1468 381 1525; x_wconf 92' lang='lat' dir='ltr'>tibi</span> <span class='ocrx_word' id='word_1_45' title='bbox 402 1484 529 1542; x_wconf 83' lang='lat' dir='ltr'>compar,</span> <span class='ocrx_word' id='word_1_46' title='bbox 550 1468 696 1542; x_wconf 89' lang='lat' dir='ltr'>utriusque</span> <span class='ocrx_word' id='word_1_47' title='bbox 718 1467 835 1526; x_wconf 88' lang='lat' dir='ltr'>Nexus:</span> 
     </span>
    </p>

    <p class='ocr_par' dir='ltr' id='par_1_10' title="bbox 273 1548 791 1705">
     <span class='ocr_line' id='line_1_12' title="bbox 273 1548 791 1624; baseline 0.002 -18"><span class='ocrx_word' id='word_1_48' title='bbox 273 1549 330 1606; x_wconf 88' lang='lat' dir='ltr'>Fac</span> <span class='ocrx_word' id='word_1_49' title='bbox 351 1549 402 1606; x_wconf 91' lang='lat' dir='ltr'>tibi</span> <span class='ocrx_word' id='word_1_50' title='bbox 423 1566 537 1623; x_wconf 89' lang='lat' dir='ltr'>semper</span> <span class='ocrx_word' id='word_1_51' title='bbox 557 1548 721 1624; x_wconf 81' lang='lat' dir='ltr'>placeamus</span> <span class='ocrx_word' id='word_1_52' title='bbox 742 1550 791 1607; x_wconf 91' lang='lat' dir='ltr'>uni</span> 
     </span>
     <span class='ocr_line' id='line_1_13' title="bbox 356 1629 615 1705; baseline 0 -17"><span class='ocrx_word' id='word_1_53' title='bbox 356 1629 486 1688; x_wconf 90' lang='lat' dir='ltr'>Moribus</span> <span class='ocrx_word' id='word_1_54' title='bbox 507 1631 615 1705; x_wconf 88' lang='lat' dir='ltr'>aequis.</span> 
     </span>
    </p>
   </div>
   <div class='ocr_carea' id='block_1_5' title="bbox 445 1955 740 2031">
    <p class='ocr_par' dir='ltr' id='par_1_11' title="bbox 445 1955 740 2031">
     <span class='ocr_line' id='line_1_14' title="bbox 445 1955 740 2031; baseline 0.007 -19"><span class='ocrx_word' id='word_1_55' title='bbox 445 1955 507 2014; x_wconf 89' lang='lat' dir='ltr'>Pro</span> <span class='ocrx_word' id='word_1_56' title='bbox 528 1977 580 2015; x_wconf 83' lang='lat' dir='ltr'>non</span> <span class='ocrx_word' id='word_1_57' title='bbox 601 1956 740 2031; x_wconf 65' lang='lat' dir='ltr'>Marpre.</span> 
     </span>
    </p>
   </div>
   <div class='ocr_carea' id='block_1_6' title="bbox 355 2187 816 2509">
    <p class='ocr_par' dir='ltr' id='par_1_12' title="bbox 355 2187 816 2509">
     <span class='ocr_line' id='line_1_15' title="bbox 356 2187 752 2264; baseline -0.008 -16"><span class='ocrx_word' id='word_1_58' title='bbox 356 2189 496 2248; x_wconf 89' lang='lat' dir='ltr'>Coelestis</span> <span class='ocrx_word' id='word_1_59' title='bbox 518 2188 582 2246; x_wconf 87' lang='lat' dir='ltr'>aula</span> <span class='ocrx_word' id='word_1_60' title='bbox 602 2187 752 2264; x_wconf 78' lang='lat' dir='ltr'>panditur:</span> 
     </span>
     <span class='ocr_line' id='line_1_16' title="bbox 355 2269 816 2346; baseline -0.002 -18"><span class='ocrx_word' id='word_1_61' title='bbox 355 2271 402 2328; x_wconf 90' lang='lat' dir='ltr'>En</span> <span class='ocrx_word' id='word_1_62' title='bbox 423 2289 548 2346; x_wconf 91' lang='lat' dir='ltr'>sponsus</span> <span class='ocrx_word' id='word_1_63' title='bbox 558 2288 566 2341; x_wconf 88' lang='lat'>;</span> <span class='ocrx_word' id='word_1_64' title='bbox 591 2287 694 2328; x_wconf 91' lang='lat' dir='ltr'>omnes</span> <span class='ocrx_word' id='word_1_65' title='bbox 715 2269 816 2329; x_wconf 86' lang='lat' dir='ltr'>obviae</span> 
     </span>
     <span class='ocr_line' id='line_1_17' title="bbox 355 2351 717 2428; baseline -0.006 -19"><span class='ocrx_word' id='word_1_66' title='bbox 355 2352 440 2410; x_wconf 88' lang='lat' dir='ltr'>Exite</span> <span class='ocrx_word' id='word_1_67' title='bbox 462 2353 577 2427; x_wconf 89' lang='lat' dir='ltr'>Sponso</span> <span class='ocrx_word' id='word_1_68' title='bbox 597 2351 717 2428; x_wconf 87' lang='lat' dir='ltr'>Virgini,</span> 
     </span>
     <span class='ocr_line' id='line_1_18' title="bbox 361 2431 765 2509; baseline 0 -19"><span class='ocrx_word' id='word_1_69' title='bbox 361 2433 453 2504; x_wconf 88' lang='lat' dir='ltr'>Exite,</span> <span class='ocrx_word' id='word_1_70' title='bbox 476 2449 600 2509; x_wconf 80' lang='lat' dir='ltr'>sponsae</span> <span class='ocrx_word' id='word_1_71' title='bbox 622 2431 765 2508; x_wconf 87' lang='lat' dir='ltr'>Virgines.</span> 
     </span>
    </p>
   </div>
   <div class='ocr_carea' id='block_1_7' title="bbox 359 2595 797 2917">
    <p class='ocr_par' dir='ltr' id='par_1_13' title="bbox 359 2595 797 2917">
     <span class='ocr_line' id='line_1_19' title="bbox 359 2595 753 2671; baseline -0.008 -16"><span class='ocrx_word' id='word_1_72' title='bbox 359 2596 443 2655; x_wconf 84' lang='lat' dir='ltr'>Haec</span> <span class='ocrx_word' id='word_1_73' title='bbox 464 2595 597 2671; x_wconf 85' lang='lat' dir='ltr'>nuptialis</span> <span class='ocrx_word' id='word_1_74' title='bbox 618 2604 662 2654; x_wconf 87' lang='lat' dir='ltr'>est</span> <span class='ocrx_word' id='word_1_75' title='bbox 682 2595 753 2664; x_wconf 77' lang='lat' dir='ltr'>dice,</span> 
     </span>
     <span class='ocr_line' id='line_1_20' title="bbox 359 2675 797 2752; baseline -0.009 -16"><span class='ocrx_word' id='word_1_76' title='bbox 359 2677 452 2750; x_wconf 83' lang='lat' dir='ltr'>Quae,</span> <span class='ocrx_word' id='word_1_77' title='bbox 474 2677 562 2752; x_wconf 87' lang='lat' dir='ltr'>longa</span> <span class='ocrx_word' id='word_1_78' title='bbox 581 2687 648 2752; x_wconf 90' lang='lat' dir='ltr'>post</span> <span class='ocrx_word' id='word_1_79' title='bbox 669 2675 797 2751; x_wconf 86' lang='lat' dir='ltr'>suspiria,</span> 
     </span>
     <span class='ocr_line' id='line_1_21' title="bbox 359 2756 792 2832; baseline 0 -16"><span class='ocrx_word' id='word_1_80' title='bbox 359 2759 417 2818; x_wconf 88' lang='lat' dir='ltr'>Dat</span> <span class='ocrx_word' id='word_1_81' title='bbox 438 2759 582 2830; x_wconf 92' lang='lat' dir='ltr'>omnibus,</span> <span class='ocrx_word' id='word_1_82' title='bbox 604 2758 653 2818; x_wconf 90' lang='lat' dir='ltr'>dat</span> <span class='ocrx_word' id='word_1_83' title='bbox 674 2756 792 2832; x_wconf 82' lang='lat' dir='ltr'>singulis</span> 
     </span>
     <span class='ocr_line' id='line_1_22' title="bbox 359 2837 728 2917; baseline -0.008 -18"><span class='ocrx_word' id='word_1_84' title='bbox 359 2840 425 2917; x_wconf 87' lang='lat' dir='ltr'>Jam</span> <span class='ocrx_word' id='word_1_85' title='bbox 446 2841 558 2916; x_wconf 91' lang='lat' dir='ltr'>plenius</span> <span class='ocrx_word' id='word_1_86' title='bbox 580 2837 634 2898; x_wconf 86' lang='lat' dir='ltr'>frui</span> <span class='ocrx_word' id='word_1_87' title='bbox 654 2837 728 2898; x_wconf 89' lang='lat' dir='ltr'>Deo.</span> 
     </span>
    </p>
   </div>
   <div class='ocr_carea' id='block_1_8' title="bbox 360 3000 778 3323">
    <p class='ocr_par' dir='ltr' id='par_1_14' title="bbox 360 3000 778 3242">
     <span class='ocr_line' id='line_1_23' title="bbox 360 3000 778 3076; baseline -0.01 -15"><span class='ocrx_word' id='word_1_88' title='bbox 360 3003 443 3074; x_wconf 86' lang='lat' dir='ltr'>Quae</span> <span class='ocrx_word' id='word_1_89' title='bbox 465 3013 544 3062; x_wconf 88' lang='lat' dir='ltr'>casta</span> <span class='ocrx_word' id='word_1_90' title='bbox 564 3003 645 3062; x_wconf 93' lang='lat' dir='ltr'>vobis</span> <span class='ocrx_word' id='word_1_91' title='bbox 666 3000 778 3076; x_wconf 82' lang='lat' dir='ltr'>gaudia,</span> 
     </span>
     <span class='ocr_line' id='line_1_24' title="bbox 360 3082 775 3160; baseline -0.012 -17"><span class='ocrx_word' id='word_1_92' title='bbox 360 3083 444 3155; x_wconf 90' lang='lat' dir='ltr'>Quos</span> <span class='ocrx_word' id='word_1_93' title='bbox 466 3084 542 3144; x_wconf 90' lang='lat' dir='ltr'>afflet</span> <span class='ocrx_word' id='word_1_94' title='bbox 563 3085 652 3160; x_wconf 85' lang='lat' dir='ltr'>ignes,</span> <span class='ocrx_word' id='word_1_95' title='bbox 674 3082 775 3140; x_wconf 91' lang='lat' dir='ltr'>dicite:</span> 
     </span>
     <span class='ocr_line' id='line_1_25' title="bbox 361 3165 699 3242; baseline -0.003 -20"><span class='ocrx_word' id='word_1_96' title='bbox 361 3166 409 3222; x_wconf 90' lang='lat' dir='ltr'>Ab</span> <span class='ocrx_word' id='word_1_97' title='bbox 430 3185 478 3224; x_wconf 93' lang='lat' dir='ltr'>ore</span> <span class='ocrx_word' id='word_1_98' title='bbox 499 3167 581 3242; x_wconf 87' lang='lat' dir='ltr'>eujus</span> <span class='ocrx_word' id='word_1_99' title='bbox 602 3165 699 3241; x_wconf 90' lang='lat' dir='ltr'>purior</span> 
     </span>
    </p>

    <p class='ocr_par' dir='ltr' id='par_1_15' title="bbox 363 3245 762 3323">
     <span class='ocr_line' id='line_1_26' title="bbox 363 3245 762 3323; baseline 0 -21"><span class='ocrx_word' id='word_1_100' title='bbox 363 3245 489 3305; x_wconf 87' lang='lat' dir='ltr'>Torrens</span> <span class='ocrx_word' id='word_1_101' title='bbox 511 3248 641 3323; x_wconf 87' lang='lat' dir='ltr'>voluptas</span> <span class='ocrx_word' id='word_1_102' title='bbox 654 3245 762 3304; x_wconf 79' lang='lat' dir='ltr'>effluit?</span> 
     </span>
    </p>
   </div>
   <div class='ocr_carea' id='block_1_9' title="bbox 0 0 1265 3934">
    <p class='ocr_par' dir='ltr' id='par_1_16' title="bbox 0 0 1265 3934">
     <span class='ocr_line' id='line_1_27' title="bbox 0 0 1265 3934; baseline 0 0"><span class='ocrx_word' id='word_1_103' title='bbox 0 0 1265 3934; x_wconf 95' lang='lat' dir='ltr'> </span> 
     </span>
    </p>
   </div>
  </div>
 </body>
</html>
