2478 3928
346 440 384 498 In
405 441 566 499 Ascenst'one
586 438 709 498 Domini.
890 445 927 514 85

208 603 288 674 Quid
310 606 496 681 obstupentes
517 603 659 679 suspicitis
680 603 757 679 pole,

208 684 237 742 Ο
258 705 317 756 vos,
339 697 463 757 euntem,
486 685 761 760 discipuli,‘Deum?

208 765 249 823 Ut
270 786 345 826 nunc
368 768 554 842 Redemptor,
576 768 686 825 scandit
707 778 789 837 astra,

208 846 256 905 Sic
278 850 370 907 veniet
390 849 561 908 metuendus
582 849 663 906 ultor.

207 1009 237 1067 Ο
259 1010 379 1082 Christe,
401 1012 517 1070 dextrae
538 1012 587 1087 qui
607 1010 697 1070 Patris
718 1012 836 1083 assides,

208 1091 266 1150 Fac
287 1110 341 1160 nos
363 1093 497 1168 triumphi
518 1093 668 1168 participes
689 1094 730 1150 tui
739 1112 751 1150 :-

212 1175 365 1233 Certamen
386 1184 483 1250 urget:
504 1174 665 1244 militemus,

207 1257 245 1313 Et
266 1257 338 1314 duce
359 1266 396 1327 te,
419 1274 585 1332 superemus
606 1256 727 1314 hostem

207 1419 284 1477 Laus
306 1436 419 1476 summa
440 1417 522 1489 Patri,
544 1419 594 1494 qui
616 1417 755 1477 Genitum
776 1418 844 1494 polo

206 1499 290 1560 Pacis
311 1500 444 1575 perennis
466 1500 582 1575 suscipit
602 1500 750 1558 obsidem:

206 1581 292 1652 Laus
311 1581 362 1656 qui
383 1582 545 1656 triumphat,
567 1599 681 1639 summa
702 1581 796 1640 Nato:

206 1663 262 1720 Par
282 1663 334 1720 tibi
354 1664 423 1733 laus,
445 1663 591 1738 utriusque
612 1662 720 1721 Nexus.

422 2023 470 2064 AD
491 2021 626 2065 LAUDES.

283 2216 363 2294 Jesu,
383 2227 481 2276 nostra
500 2216 668 2296 redemptio,

286 2300 378 2356 Amor
399 2308 426 2356 et
448 2298 629 2368 desiderium,

284 2380 365 2438 Deus
387 2388 496 2438 creator
516 2373 655 2450 omniumr,

286 2461 387 2520 Homo
408 2463 438 2518 in
459 2461 515 2518 fine
536 2471 707 2537 temporum.

285 2623 370 2694 Quae
391 2634 419 2682 te
440 2623 505 2682 vicit
526 2617 683 2694 clementia,

285 2704 326 2762 Ut
346 2715 443 2763 nostra
464 2704 550 2762 ferres
571 2699 697 2776 crimina,

284 2783 440 2844 Crudelem
461 2796 584 2844 mortem
604 2784 723 2860 patiens,

286 2866 327 2924 Ut
347 2885 402 2926 nos
423 2886 441 2925 a
460 2877 551 2926 morte
572 2867 705 2928 tolleres?

286 3029 392 3088 Inferni
413 3031 533 3090 claustra
553 3044 712 3110 penetrans

284 3110 368 3170 Tuos
390 3114 516 3189 captivos
536 3117 688 3189 redimens

285 3191 386 3252 Victor
404 3195 548 3272 triumpho
569 3199 665 3269 nobili,

284 3275 333 3333 Ad
353 3275 483 3334 dextram
504 3278 594 3338 Patris
614 3279 749 3338 residens.
