2478 3928
270 428 323 465 112

455 406 494 465 In
514 407 735 464 praesentatum
754 405 877 465 Donum.

384 573 512 629 Aetemo
532 571 568 628 sit
588 570 681 628 honor
701 570 820 646 lausque
841 571 971 630 Parenti:

384 653 444 724 Qui
464 653 578 728 plaeere
599 670 684 727 paras
704 652 820 709 victima
839 652 978 723 Patrem.

383 735 521 810 Aequalis
542 734 593 792 tibi
614 734 650 790 sit
669 733 769 808 gloria,
791 733 884 791 Nate:

382 815 544 872 Amborum
565 815 664 873 similis
685 815 747 872 laus
768 816 804 872 sit
824 817 923 873 amori.

451 1139 497 1180 AD
518 1137 683 1180 SECUNDAS
705 1137 866 1181 VFSPERAS.

377 1366 503 1441 Stupete,
525 1374 643 1439 gentes3
672 1364 703 1421 fit
723 1363 805 1423 Deus
826 1366 935 1425 hostia:

377 1447 415 1504 Se
436 1455 539 1522 sponte
560 1445 617 1520 legi
637 1445 753 1520 Legiser
773 1447 898 1522 obligat:

376 1528 464 1586 Orbis
485 1526 665 1602 Redemptor
685 1545 762 1585 nunc
783 1528 965 1606 redemptus:

376 1609 471 1685 Seque
491 1610 551 1684 piat
572 1609 633 1666 sine
654 1607 718 1665 labe
739 1619 838 1667 mater.

372 1772 418 1830 De
439 1789 520 1829 more
541 1780 673 1840 matrum,
695 1771 788 1846 Virgo
808 1790 949 1848 puerpera

374 1853 500 1928 Templo
521 1861 641 1910 statutos
662 1853 798 1910 abstinuit
819 1853 889 1911 dies

372 1935 480 1992 Intrare
501 1943 633 1992 sanctum
654 1933 723 2009 quid
744 1935 878 2009 pavebas

370 2017 458 2074 Facta
478 2015 534 2073 Dei
554 2015 634 2090 prius
655 2016 719 2090 ipsa
739 2017 898 2091 templum?

369 2181 428 2237 Ara
449 2179 502 2236 sub
524 2195 582 2236 una
603 2195 634 2234 se
655 2187 738 2236 vovet
758 2177 852 2235 hostia

369 2260 505 2335 Triplex:
535 2259 675 2317 honorem
696 2260 855 2333 virgineum
876 2259 1005 2316 immolat

289 2353 297 2380 ⁸
368 2341 459 2417 Virgo
480 2341 623 2409 sacerdos,
645 2359 733 2416 parva
752 2341 846 2398 mollis

368 2423 502 2480 Membra
521 2440 601 2497 puer,
624 2423 775 2497 seniorque
796 2423 890 2480 vitam.

366 2585 464 2643 Eheu!
494 2595 564 2661 quot
585 2603 669 2643 enses
690 2583 885 2659 transadigent
904 2594 985 2641 tuum

365 2667 484 2724 Pectus!
514 2677 585 2742 quot
605 2667 668 2736 altis
689 2675 756 2723 nata
776 2665 931 2734 doloribus,

364 2747 392 2806 O
414 2747 521 2822 Virgo!
551 2748 774 2822 Quemgestas,
797 2759 944 2805 cruentam

365 2829 479 2887 imbuet
499 2829 545 2887 hic
567 2848 647 2887 sacer
668 2831 771 2904 Agnus
792 2847 880 2886 aram

362 2969 492 3050 Christus
514 2992 615 3062 sutum,
637 3009 742 3066 corpus
763 2991 857 3049 adhuc
879 3003 965 3064 tener,

361 3072 503 3131 Praeiudit
525 3073 623 3131 insons
644 3074 759 3130 victima
779 3073 886 3131 funeri:

361 3153 479 3213 Crescet
489 3174 497 3226 ;
525 3155 645 3229 profuso
666 3155 708 3210 vir
728 3173 837 3225 emme,

359 3236 457 3295 Omne
479 3237 571 3296 scelus
591 3237 719 3294 moriens
739 3236 836 3312 piabit.
