2514 3934
289 383 341 456 178

521 376 654 436 Pltcrt'um
674 376 848 452 Martyrum.

445 539 568 617 implere
589 560 640 601 vos
661 560 763 601 omnes
785 543 868 603 decet

445 622 535 684 Passo
556 623 622 681 Deo
643 624 722 699 quod
743 624 849 684 defuit:

444 704 499 763 Per
520 715 562 763 tot
582 723 668 763 neces
689 706 767 764 laeso
789 706 874 777 Patri,

445 785 489 843 Fit
509 787 594 861 plena
615 786 745 846 Christus
767 788 867 847 hostia.

447 949 488 1006 Sit
509 949 570 1007 laus
592 949 676 1019 Patri,
698 951 759 1008 laus
780 950 852 1010 Filio
863 971 871 1022 ;

445 1029 500 1088 Par
521 1031 556 1089 sit
577 1031 627 1088 tibi
649 1031 718 1102 laus
742 1032 871 1107 Spiritus,

445 1110 504 1182 Qui
525 1112 694 1187 praeliantes
715 1114 834 1171 roboras

447 1192 610 1270 Palmisque
632 1194 723 1253 donas
745 1194 895 1270 Martyres.

525 1571 530 1582 “
583 1565 628 1607 ΔΙ)
650 1563 783 1607 LAUDES.

447 1758 553 1830 Quam,
575 1757 696 1826 Christe,
718 1758 836 1833 signasti
856 1759 931 1815 viam

446 1840 559 1898 Primus
579 1839 699 1915 profuso
720 1840 867 1914 sanguine,

447 1921 501 1978 Per
521 1921 595 1978 hanc
616 1922 657 1978 tui
678 1931 705 1979 te
727 1920 834 1979 fortiter

447 2001 560 2059 Ducem
582 2013 740 2078 sequuntur
760 2003 872 2061 milites.

448 2164 555 2222 Fossus
576 2183 688 2233 manus,
710 2165 805 2224 fossus
826 2165 924 2240 pedes

448 2245 546 2304 Ovans
568 2246 604 2303 ad
626 2256 701 2304 astra
721 2248 878 2304 transvolas
889 2267 896 2317 ;

447 2327 484 2384 Et
505 2328 637 2384 membra
657 2329 748 2385 trunci
770 2327 911 2402 Martyres

446 2409 566 2467 Addunt
587 2410 733 2485 triumpho
754 2428 785 2468 se
806 2420 864 2468 tuo.

449 2571 560 2630 Omnes
582 2574 710 2630 inostro
732 2571 874 2648 splendidi

448 2653 546 2711 Tuum
567 2653 690 2712 tribunal
711 2653 857 2710 ambiunt:

447 2735 578 2809 Accepta
599 2744 759 2793 monstrant
780 2733 904 2802 vulnera,

447 2815 485 2872 Et
506 2834 558 2891 per
579 2826 621 2875 tot
642 2834 694 2874 ora
715 2815 884 2889 supplicant.

447 2977 555 3035 Audire
578 2979 677 3036 sinos
699 2979 817 3053 respuis,

448 3058 532 3130 Quos
553 3059 706 3116 criminum
726 3060 818 3117 moles
838 3071 952 3136 gravat;

446 3140 524 3197 Audi
546 3150 620 3209 tuos,
642 3141 691 3215 qui
713 3142 885 3216 sanguinem

446 3222 558 3284 Fudere
579 3239 633 3298 pro
654 3232 691 3292 te,
714 3221 863 3298 Martyres.
