2514 3934
194 373 199 382 ’
303 383 358 454 164
456 377 495 437 In
515 378 736 438 Praesentatr‘one
753 376 792 437 B.
813 377 938 438 Martae.

378 544 491 603 Tecum
512 552 615 602 cuncta
634 540 701 601 Deo
720 542 843 618 prodiga
863 544 933 602 dum
954 561 1049 613 voves,

379 624 505 695 Numen,
526 624 628 700 Virgo,
648 624 689 682 tui
709 625 833 700 pectoris
854 625 956 696 incola,

460 705 578 778 Quanto
599 706 716 764 foenore
737 717 840 781 pensat

460 786 569 846 Terrae
589 806 665 865 quae
684 788 763 846 bona
783 788 927 864 despicis?

379 950 459 1022 Quid
480 968 535 1010 nos
555 949 709 1027 illaqueant
730 951 863 1026 improba
881 952 1006 1027 gaudia?

380 1031 439 1090 Cur
459 1050 514 1092 nos
532 1033 594 1108 jam
614 1033 711 1108 pigeat
731 1032 844 1090 vincula
864 1035 1017 1109 rumpere?

459 1113 527 1170 Dux
549 1122 593 1172 est
613 1114 705 1189 Virgo
726 1114 868 1185 sacerdos,

461 1195 518 1254 Fas
539 1196 575 1254 sit
595 1213 655 1272 quo
674 1205 809 1271 properat
830 1197 919 1272 sequi.

378 1357 458 1433 Ergo
478 1376 555 1416 nunc
576 1367 625 1416 tua
644 1375 717 1433 gens
738 1375 769 1416 se
790 1357 840 1415 tibi
861 1367 1025 1426 consecrat3

378 1439 457 1515 Ergo
477 1450 575 1498 nostra
595 1457 695 1498 manes
716 1439 819 1514 porti0,
840 1450 879 1509 tu,
901 1440 991 1508 Deus,

460 1520 520 1593 Qui
541 1520 577 1579 de
598 1520 718 1597 Virgine
738 1531 830 1590 natus,

459 1601 514 1660 Per
534 1620 588 1661 nos
610 1620 697 1678 saepe
717 1603 882 1662 renasceris.

380 1765 422 1823 Sit
442 1765 504 1824 laus
526 1783 640 1823 summa
661 1763 744 1835 Patri,
766 1782 937 1840 summaque
959 1763 1040 1834 Filio,

381 1847 423 1905 Sit
443 1865 504 1922 par,
525 1857 632 1916 sancte,
653 1846 704 1904 tibi
724 1846 823 1920 gloria,
846 1846 976 1922 Spiritus,

460 1929 490 1986 Si
512 1946 566 1987 nos
587 1929 662 1986 intus
684 1927 787 1997 aduris,

458 2009 535 2067 Puro
556 2009 644 2068 corde
664 2009 814 2066 litabimur.

531 2310 584 2394 AD·
598 2350 751 2396 OFFICIUM
774 2351 868 2396 NOCT.

379 2568 477 2628 Infans
498 2569 582 2645 pulsa
602 2586 703 2626 recens
723 2569 822 2626 matris
843 2569 880 2626 ab
901 2570 997 2638 ubere,

377 2651 526 2710 Abscondi
547 2650 639 2709 tacitis
660 2650 769 2726 quaerit
789 2649 819 2706 in
840 2651 934 2721 atriis3

458 2731 615 2808 Templum
635 2731 728 2807 Virgo
748 2730 849 2801 futura,

459 2813 576 2890 Templi
596 2813 696 2872 crescit
717 2813 746 2870 in
767 2811 894 2872 aedibus.

376 2978 411 3035 In
432 2976 538 3035 blanda
557 2975 662 3056 requie,
683 2974 769 3050 piena
789 2976 914 3049 negotio,

376 3059 435 3117 Uni
456 3066 525 3115 nota
545 3056 611 3115 Deo
631 3057 723 3114 vivere
744 3057 866 3132 cogitat3

458 3137 516 3197 Hic
536 3155 590 3214 pro
611 3138 683 3196 lacte
704 3139 829 3213 parentis

457 3221 538 3298 Sugit
559 3218 694 3280 Numinis
714 3220 811 3279 ubera.
