2478 3928
381 405 413 466 S.
433 403 551 463 Mania
569 399 758 477 Magdalems.
908 413 960 472 137

331 569 453 646 Impleta
472 583 549 624 nunc
569 563 739 640 Apostolam

331 651 476 709 Promissa
496 658 524 706 te
544 647 667 722 primam
688 644 777 703 choro

330 731 536 808 Apostolorum
556 727 676 803 grandia

329 812 435 890 Jubent
455 810 557 870 referre
577 808 685 866 nuntia

330 974 396 1033 Deo
416 973 492 1032 Patri
513 972 548 1032 sit
568 972 666 1047 gloria,

331 1057 459 1133 Ejusque
480 1054 534 1113 soli
554 1053 634 1123 Filio,

331 1137 437 1196 Sancto
458 1135 543 1194 simul
563 1152 630 1192 cum
652 1132 764 1208 Spiritu,

331 1218 426 1290 Nunc,
447 1228 476 1276 et
496 1233 547 1293 per
567 1233 654 1274 omne
675 1213 810 1273 seculum.

469 1542 515 1586 AD
535 1540 668 1586 LAUDES.

212 1764 304 1822 Maria
325 1781 407 1823 sacro
428 1763 525 1823 saucia
544 1761 667 1831 vulnere,

211 1845 280 1903 Non
298 1847 359 1922 jam
380 1844 536 1903 dolendum
557 1843 626 1920 quid
646 1839 806 1901 Dominum
827 1838 927 1900 doles?

212 1927 331 2002 Semper
350 1944 503 1986 renascens
524 1925 571 1984 hic
591 1926 697 1984 amoris

211 2007 297 2066 Unde
317 2009 367 2066 tibi
388 2008 528 2066 violentus
548 2006 651 2064 ardor?

211 2171 307 2242 Quem
329 2170 441 2247 quaeris
462 2169 526 2245 ipso
546 2167 652 2227 iimeris
673 2169 703 2226 in
725 2170 797 2241 sinu,

211 2252 297 2311 Vic'to
317 2250 472 2327 triumphat
492 2249 590 2308 funere
611 2250 719 2316 clarior,

210 2333 302 2391 Vivit:
325 2343 432 2391 retecto
450 2333 511 2408 jam
532 2331 672 2406 sepulcro,

211 2415 287 2473 Eece
306 2415 402 2490 jacent
421 2412 549 2472 revoluta
569 2429 646 2470 saxa.

211 2576 359 2652 Myrrham
380 2575 449 2653 quid
469 2574 562 2639 affers,
583 2593 713 2650 vanaque
733 2575 881 2636 balsama?

213 2659 295 2716 Haec
315 2659 379 2717 luce
400 2657 502 2716 iunctis
524 2656 619 2714 debita
639 2674 774 2722 munera:

214 2739 287 2798 Mox
309 2739 354 2798 ille
375 2738 527 2799 donandos
549 2735 676 2813 Olympo

213 2821 281 2879 Non
302 2831 368 2896 eget
388 2821 432 2880 his
452 2819 592 2878 redivivus
613 2828 698 2878 artus.

215 2983 321 3058 Ingens
342 2991 487 3042 amantem
508 2990 536 3039 te
557 2980 640 3039 dolor
659 2980 782 3052 indicat;

214 3066 324 3123 Amans
344 3064 468 3123 vicissim
489 3081 520 3120 se
541 3061 622 3122 Deus
643 3062 762 3122 obtulit:

213 3147 350 3220 Agnosce
371 3162 472 3203 vocem
493 3153 524 3201 tu
545 3142 677 3219 Magistri

215 3226 342 3285 Nomine
362 3237 391 3285 te
411 3225 529 3302 proprio
550 3226 686 3286 vocantis.
