2514 3934
490 392 636 462 Abbatum,
658 399 701 450 etc.
721 405 723 412 ’
848 381 849 386 ¹
940 415 992 471 191

237 557 320 614 Votis
341 557 500 626 unanimes,
522 557 549 614 vi
570 574 686 632 quoque
707 556 825 615 fletuum

237 639 356 709 Instant,
378 648 406 696 et
427 639 519 696 socias
541 639 719 712 ingeminant
739 657 844 715 preces.

317 720 354 777 Et
375 720 565 778 concordibus
587 720 672 778 armis

206 842 209 852 .
317 802 386 859 Vim
407 802 488 860 coelo
510 802 594 860 simul
614 801 745 859 inferunt.

238 966 321 1023 Haec
342 967 383 1023 vis
404 975 485 1040 grata
505 964 587 1022 Deo:
609 965 649 1023 sic
671 975 750 1022 amat
770 967 895 1041 optimus

237 1048 322 1105 Vinci
343 1047 563 1122 perlacrymas,
585 1065 636 1121 per
656 1047 788 1121 gemitus,
811 1048 911 1105 Pater:

320 1127 366 1186 Sic
388 1129 466 1186 duris
486 1136 625 1186 reseratur

320 1209 442 1268 Coelum
463 1209 683 1267 conditionibus

238 1373 358 1429 Fervent
380 1371 496 1446 quando
518 1371 564 1428 die
585 1381 688 1429 cuncta
707 1371 882 1443 tumultibus,

238 1453 338 1510 Altum
358 1453 441 1510 turba
461 1453 539 1511 silet:
562 1462 655 1510 cetera
675 1452 745 1510 dum
767 1463 869 1524 tacent,

320 1533 361 1591 Hi
381 1552 433 1609 per
453 1534 564 1591 cantica
583 1539 719 1609 rumpunt

320 1614 422 1673 Noctis
443 1616 531 1690 longa
551 1615 669 1674 silentia.

240 1779 361 1836 Exercet
383 1777 481 1852 vigiles
503 1778 655 1836 continuus
676 1777 773 1847 labor;

240 1861 415 1918 incumbunt
436 1860 515 1935 operi
536 1877 595 1916 non
616 1858 723 1918 resides
744 1875 846 1918 manus
857 1880 865 1932 ;

322 1940 420 1999 Tellus
442 1941 517 1999 culta
537 1940 646 1999 colonis

324 2023 442 2080 Victum
464 2023 627 2098 suppeditat
648 2024 714 2080 suis.

241 2185 320 2256 Quin
341 2185 440 2260 regina
461 2185 504 2242 sui
526 2203 608 2244 mens
631 2202 746 2261 quoque
768 2185 905 2256 subditur,

242 2265 430 2341 Rectorisque
452 2266 546 2324 studet
566 2267 681 2325 nutibus
703 2267 842 2342 obsequi:

323 2346 371 2404 Nil
393 2357 484 2405 servat
505 2349 559 2406 sibi
578 2349 657 2424 juris

323 2428 417 2503 Capto
438 2429 551 2486 liberior
570 2431 649 2506 jugo.

241 2592 382 2648 Aetemus
404 2591 439 2648 sit
459 2590 553 2648 honos
575 2591 703 2666 ingenito
724 2590 816 2648 Patri:
849 2597 856 2616 ·

237 2673 284 2729 =Sit
306 2690 357 2748 par
378 2672 520 2748 unigenae
541 2672 632 2748 gloria
653 2672 742 2730 Filio:

301 2793 307 2803 ·
324 2753 402 2812 Sacri
423 2773 515 2812 nexus
537 2755 650 2825 amoris,

227 2881 234 2890 .
324 2835 401 2894 Laus
423 2853 542 2912 compar
563 2836 621 2906 tibi,
645 2835 773 2912 Spiritus
