2478 3928
249 401 304 440 120

483 378 515 438 S.
529 377 652 456 Joanms
671 377 800 454 Apostoli.

325 543 429 602 Edicto
449 542 557 602 steriles
578 542 677 617 pulsus
698 544 727 600 in
747 541 854 601 insulas

325 625 399 683 Exul
419 633 487 682 tunc
508 624 588 682 socio
608 623 759 698 perfruitur
779 620 861 682 Deo:

326 706 384 764 Hie
404 716 521 763 ventura
541 704 625 774 videt,
646 724 721 781 quae
742 706 854 764 calamo
874 717 977 764 notans

409 786 550 844 Sublustri
570 786 675 844 nebula
695 788 773 862 tegit.

329 949 376 1006 Sic
396 965 450 1006 nos
471 947 601 1007 Christus
622 955 707 1020 amet,
729 949 770 1008 sic
791 949 893 1008 doceat
914 951 990 1025 pati;

327 1029 536 1105 Discamusque
557 1031 638 1101 mori,
660 1032 750 1090 simus
770 1040 802 1088 ut
822 1042 850 1089 et
871 1033 949 1089 necis

329 1113 432 1169 Sacrae
452 1111 622 1186 participes:
651 1130 711 1170 non
732 1112 792 1169 aliis
813 1121 891 1187 patet

408 1191 530 1250 Coelutn
551 1193 771 1252 conditionibus.

326 1352 402 1410 Patri
421 1354 548 1411 maxima
567 1354 637 1424 laus,
657 1355 784 1413 maxima
804 1355 885 1424 Filio,

327 1435 545 1512 Amborumque
567 1448 649 1494 sacro
669 1437 796 1494 maxima
816 1436 954 1494 Flamini:

327 1515 410 1574 Haec
431 1528 474 1578 est
495 1527 571 1575 certa
592 1517 672 1588 fides,
694 1517 821 1576 sontibus
842 1535 859 1576 e
879 1517 936 1574 tuis

419 1598 515 1672 Quam
537 1596 668 1657 divinitus
689 1599 844 1658 hausimus.

545 1916 591 1960 AD
612 1915 747 1960 Latmus·

412 2154 500 2232 Jussu
519 2153 630 2230 tyranni
651 2165 704 2228 pro
726 2146 782 2211 fide

412 2236 522 2306 PulsuS,
543 2234 680 2312 Joannes,
702 2234 818 2294 exulas:

412 2319 511 2375 Fertur
531 2316 628 2374 volatu
649 2315 738 2374 libero

413 2393 498 2457 Mens
519 2397 595 2456 celsa
616 2409 702 2472 supra
723 2396 823 2455 sidera

412 2560 473 2618 Illic
493 2559 596 2618 revelat
617 2577 649 2618 se
668 2555 720 2616 tibi

414 2640 473 2712 Qui
493 2651 621 2699 mortuus
641 2636 708 2698 vivit
728 2638 818 2709 DeuS,

412 2723 515 2797 Agnus
536 2722 633 2781 salutis
654 2721 754 2790 hostia,

415 2803 451 2861 Et
472 2812 564 2862 morte
586 2803 696 2862 devicta
717 2801 770 2861 leo.

415 2967 528 3023 Arcana
548 2976 576 3023 te
596 2975 690 3024 vatem
712 2965 796 3023 docet

417 3047 511 3122 Regni
532 3047 575 3104 sui
595 3046 745 3122 mysteria:

417 3127 519 3186 Pandit
540 3141 639 3186 cruore
661 3123 819 3202 Martyrum

416 3208 531 3286 Ubique
552 3209 743 3285 spargendam
763 3209 860 3267 fidem.
