2478 3928
282 439 359 526 146¹
500 432 538 491 In
558 433 660 492 Decoll.
683 432 714 493 S.
728 433 858 512 Joannt's.

361 597 403 656 Sit
423 614 537 656 summa
559 593 642 667 Patri,
665 616 836 675 summaque
858 600 939 670 Filio,

362 679 526 754 Sanctoquc
547 696 667 754 compar
688 679 779 754 gloria
799 681 937 739 Flamini:

361 760 483 818 Sanctae
503 760 617 818 litemus
639 760 771 819 Trinitati

359 842 502 916 Perpetuo
523 842 571 917 pia
591 842 680 900 corda
700 843 785 901 cultu.

581 1212 626 1255 AD
649 1211 784 1256 LAUDES.

362 1397 447 1470 Ecce,
469 1398 596 1458 saltantis
617 1399 740 1474 pretium
760 1399 880 1475 puellae,

363 1480 463 1538 Fertur
484 1482 513 1537 in
534 1481 615 1538 disco
637 1489 722 1556 caput
744 1492 939 1556 amputatum:

363 1560 446 1620 Haec
467 1562 619 1620 cruentatis
640 1579 715 1620 nova
734 1562 915 1637 proferuntur

419 1695 422 1704 .
444 1643 564 1701 Fercula
584 1644 700 1701 mensis.

280 1875 281 1878 Ἴ
365 1808 449 1879 Quae
470 1806 556 1864 rudes
577 1805 661 1880 sylvis
683 1806 808 1882 populos
829 1806 959 1876 docebat,

364 1890 448 1961 Quae
469 1886 566 1945 Deum
586 1897 647 1945 tota
667 1888 820 1946 resonabat
841 1888 913 1958 aula,

363 1970 415 2028 illa
435 1987 500 2040 vox,
522 1968 611 2026 eheui
636 1969 734 2044 gladio
754 1980 871 2040 resecta,

445 2050 529 2108 Muta
549 2050 649 2108 silebit.

365 2212 478 2272 Occidit
498 2212 597 2282 Vates,
620 2224 648 2270 et
669 2212 763 2271 adhuc
784 2213 906 2282 timetur,

364 2293 431 2353 Vox
454 2295 515 2353 silet
536 2295 623 2364 verbi,
645 2312 729 2352 cruor
749 2293 795 2351 ille
816 2294 937 2352 clamat:

367 2375 472 2434 Sancta
492 2375 606 2434 fraterni
627 2384 764 2433 temerata
785 2376 875 2450 carpit

445 2456 575 2515 Foedera
596 2457 668 2515 lecti.

366 2619 453 2679 Nube
474 2619 639 2678 sub'densa
658 2619 741 2695 jubar
763 2619 920 2677 involutum

367 2701 493 2760 Venerat
514 2701 607 2759 caecis
628 2702 737 2776 aperire
759 2701 859 2759 seclis:

367 2783 433 2841 Sole
454 2793 575 2852 maturo,
596 2783 672 2840 velut
693 2782 802 2852 umbra,
825 2783 910 2842 cessit

447 2863 561 2922 Lucifer
582 2862 662 2922 Orbi.

366 3027 486 3086 Summa
506 3027 567 3084 laus
589 3026 673 3098 Patri,
695 3027 850 3102 genitoque
870 3025 987 3083 Verbo:

316 3155 321 3160 .
366 3107 403 3165 Et
424 3108 474 3166 tibi
495 3126 622 3183 compar,
644 3108 791 3184 utriusque
812 3126 903 3166 nexus

367 3189 487 3265 Spiritus
508 3207 630 3264 semper,
652 3189 733 3248 Deus
754 3208 828 3248 unus
849 3190 928 3247 omni

448 3269 603 3346 Temporis
624 3289 703 3330 aevo.
