<?xml version="1.0" encoding="UTF-8"?>
<!DOCTYPE html PUBLIC "-//W3C//DTD XHTML 1.0 Transitional//EN"
    "http://www.w3.org/TR/xhtml1/DTD/xhtml1-transitional.dtd">
<html xmlns="http://www.w3.org/1999/xhtml" xml:lang="en" lang="en">
 <head>
  <title>
</title>
<meta http-equiv="Content-Type" content="text/html;charset=utf-8" />
  <meta name='ocr-system' content='tesseract 3.04.00' />
  <meta name='ocr-capabilities' content='ocr_page ocr_carea ocr_par ocr_line ocrx_word'/>
</head>
<body>
  <div class='ocr_page' id='page_1' title='image "./hymniecclesiae01churgoog_0403.png"; bbox 0 0 2408 3904; ppageno 0'>
   <div class='ocr_carea' id='block_1_1' title="bbox 260 391 318 460">
    <p class='ocr_par' dir='ltr' id='par_1_1' title="bbox 260 391 318 460">
     <span class='ocr_line' id='line_1_1' title="bbox 260 391 318 460; baseline 0 -16"><span class='ocrx_word' id='word_1_1' title='bbox 260 391 318 460; x_wconf 83' lang='lat'><strong>380</strong></span> 
     </span>
    </p>
   </div>
   <div class='ocr_carea' id='block_1_2' title="bbox 459 386 841 466">
    <p class='ocr_par' dir='ltr' id='par_1_2' title="bbox 459 386 841 466">
     <span class='ocr_line' id='line_1_2' title="bbox 459 386 841 466; baseline 0.005 -22"><span class='ocrx_word' id='word_1_2' title='bbox 459 387 497 444; x_wconf 88' lang='lat' dir='ltr'><strong>In</strong></span> <span class='ocrx_word' id='word_1_3' title='bbox 517 386 614 446; x_wconf 83' lang='lat' dir='ltr'><strong>Missa</strong></span> <span class='ocrx_word' id='word_1_4' title='bbox 633 386 841 466; x_wconf 82' lang='lat' dir='ltr'><strong>Defunctorum.</strong></span> 
     </span>
    </p>
   </div>
   <div class='ocr_carea' id='block_1_3' title="bbox 421 551 883 712">
    <p class='ocr_par' dir='ltr' id='par_1_3' title="bbox 421 551 883 712">
     <span class='ocr_line' id='line_1_3' title="bbox 421 551 873 622; baseline 0.004 -14"><span class='ocrx_word' id='word_1_5' title='bbox 421 551 554 622; x_wconf 90' lang='lat' dir='ltr'><strong>Quantus</strong></span> <span class='ocrx_word' id='word_1_6' title='bbox 574 560 680 609; x_wconf 90' lang='lat' dir='ltr'><strong>tremor</strong></span> <span class='ocrx_word' id='word_1_7' title='bbox 700 562 743 610; x_wconf 91' lang='lat' dir='ltr'><strong>est</strong></span> <span class='ocrx_word' id='word_1_8' title='bbox 764 552 873 610; x_wconf 84' lang='lat' dir='ltr'><strong>iuturus</strong></span> 
     </span>
     <span class='ocr_line' id='line_1_4' title="bbox 422 632 883 712; baseline 0 -22"><span class='ocrx_word' id='word_1_9' title='bbox 422 632 549 712; x_wconf 87' lang='lat' dir='ltr'><strong>Quando</strong></span> <span class='ocrx_word' id='word_1_10' title='bbox 567 634 656 709; x_wconf 85' lang='lat' dir='ltr'><strong>judex</strong></span> <span class='ocrx_word' id='word_1_11' title='bbox 678 643 721 692; x_wconf 91' lang='lat' dir='ltr'><strong>est</strong></span> <span class='ocrx_word' id='word_1_12' title='bbox 742 643 883 702; x_wconf 72' lang='lat' dir='ltr'><strong>venturus</strong></span> 
     </span>
    </p>
   </div>
   <div class='ocr_carea' id='block_1_4' title="bbox 342 713 863 774">
    <p class='ocr_par' dir='ltr' id='par_1_4' title="bbox 342 713 863 774">
     <span class='ocr_line' id='line_1_5' title="bbox 342 713 863 774; baseline 0 -2"><span class='ocrx_word' id='word_1_13' title='bbox 342 753 345 765; x_wconf 78' lang='lat'><strong>,</strong></span> <span class='ocrx_word' id='word_1_14' title='bbox 422 713 533 772; x_wconf 90' lang='lat' dir='ltr'><strong>Cuncta</strong></span> <span class='ocrx_word' id='word_1_15' title='bbox 554 715 648 773; x_wconf 88' lang='lat' dir='ltr'><strong>stricte</strong></span> <span class='ocrx_word' id='word_1_16' title='bbox 669 715 863 774; x_wconf 80' lang='lat' dir='ltr'><strong>discussumst</strong></span> 
     </span>
    </p>
   </div>
   <div class='ocr_carea' id='block_1_5' title="bbox 420 877 909 1034">
    <p class='ocr_par' dir='ltr' id='par_1_5' title="bbox 420 877 909 1034">
     <span class='ocr_line' id='line_1_6' title="bbox 421 877 909 952; baseline 0 -19"><span class='ocrx_word' id='word_1_17' title='bbox 421 877 507 935; x_wconf 86' lang='lat' dir='ltr'><strong>Tuba</strong></span> <span class='ocrx_word' id='word_1_18' title='bbox 527 878 631 935; x_wconf 88' lang='lat' dir='ltr'><strong>mirum</strong></span> <span class='ocrx_word' id='word_1_19' title='bbox 653 895 790 952; x_wconf 85' lang='lat' dir='ltr'><strong>spargens</strong></span> <span class='ocrx_word' id='word_1_20' title='bbox 805 896 909 936; x_wconf 89' lang='lat' dir='ltr'><strong>sonum</strong></span> 
     </span>
     <span class='ocr_line' id='line_1_7' title="bbox 420 959 804 1034; baseline 0.008 -20"><span class='ocrx_word' id='word_1_21' title='bbox 420 959 475 1016; x_wconf 92' lang='lat' dir='ltr'><strong>Per</strong></span> <span class='ocrx_word' id='word_1_22' title='bbox 496 960 626 1034; x_wconf 87' lang='lat' dir='ltr'><strong>sepulcra</strong></span> <span class='ocrx_word' id='word_1_23' title='bbox 646 960 804 1033; x_wconf 83' lang='lat' dir='ltr'><strong>regionum,</strong></span> 
     </span>
    </p>
   </div>
   <div class='ocr_carea' id='block_1_6' title="bbox 377 1039 886 1116">
    <p class='ocr_par' dir='ltr' id='par_1_6' title="bbox 377 1039 886 1116">
     <span class='ocr_line' id='line_1_8' title="bbox 377 1039 886 1116; baseline 0.002 -19"><span class='ocrx_word' id='word_1_24' title='bbox 377 1040 379 1044; x_wconf 75' lang='grc'>’</span> <span class='ocrx_word' id='word_1_25' title='bbox 422 1039 516 1116; x_wconf 85' lang='lat' dir='ltr'>Coget</span> <span class='ocrx_word' id='word_1_26' title='bbox 537 1059 639 1098; x_wconf 92' lang='lat' dir='ltr'><strong>omnes</strong></span> <span class='ocrx_word' id='word_1_27' title='bbox 660 1050 725 1097; x_wconf 90' lang='lat' dir='ltr'><strong>ante</strong></span> <span class='ocrx_word' id='word_1_28' title='bbox 745 1041 886 1099; x_wconf 88' lang='lat' dir='ltr'><strong>thronum.</strong></span> 
     </span>
    </p>
   </div>
   <div class='ocr_carea' id='block_1_7' title="bbox 419 1201 838 1442">
    <p class='ocr_par' dir='ltr' id='par_1_7' title="bbox 419 1201 838 1442">
     <span class='ocr_line' id='line_1_9' title="bbox 422 1201 817 1279; baseline 0.005 -21"><span class='ocrx_word' id='word_1_29' title='bbox 422 1201 503 1260; x_wconf 88' lang='lat' dir='ltr'><strong>Mors</strong></span> <span class='ocrx_word' id='word_1_30' title='bbox 525 1204 648 1279; x_wconf 90' lang='lat' dir='ltr'><strong>stupebit</strong></span> <span class='ocrx_word' id='word_1_31' title='bbox 669 1213 696 1261; x_wconf 92' lang='lat' dir='ltr'><strong>et</strong></span> <span class='ocrx_word' id='word_1_32' title='bbox 718 1213 817 1261; x_wconf 90' lang='lat' dir='ltr'><strong>natura</strong></span> 
     </span>
     <span class='ocr_line' id='line_1_10' title="bbox 422 1283 795 1360; baseline 0.003 -19"><span class='ocrx_word' id='word_1_33' title='bbox 422 1283 497 1341; x_wconf 92' lang='lat' dir='ltr'><strong>Cum</strong></span> <span class='ocrx_word' id='word_1_34' title='bbox 519 1295 647 1360; x_wconf 84' lang='lat' dir='ltr'><strong>resurget</strong></span> <span class='ocrx_word' id='word_1_35' title='bbox 668 1295 795 1343; x_wconf 86' lang='lat' dir='ltr'><strong>creatura</strong></span> 
     </span>
     <span class='ocr_line' id='line_1_11' title="bbox 419 1363 838 1442; baseline 0.005 -20"><span class='ocrx_word' id='word_1_36' title='bbox 419 1363 562 1441; x_wconf 90' lang='lat' dir='ltr'><strong>Judicanti</strong></span> <span class='ocrx_word' id='word_1_37' title='bbox 582 1385 762 1442; x_wconf 89' lang='lat' dir='ltr'><strong>responsura.</strong></span> <span class='ocrx_word' id='word_1_38' title='bbox 832 1405 838 1416; x_wconf 77' lang='lat'><em>·</em></span> 
     </span>
    </p>
   </div>
   <div class='ocr_carea' id='block_1_8' title="bbox 419 1518 867 1768">
    <p class='ocr_par' dir='ltr' id='par_1_8' title="bbox 419 1518 867 1768">
     <span class='ocr_line' id='line_1_12' title="bbox 421 1518 867 1604; baseline 0.002 -20"><span class='ocrx_word' id='word_1_39' title='bbox 421 1527 507 1586; x_wconf 89' lang='lat' dir='ltr'><strong>Liber</strong></span> <span class='ocrx_word' id='word_1_40' title='bbox 528 1530 648 1604; x_wconf 88' lang='lat' dir='ltr'><strong>scriptus</strong></span> <span class='ocrx_word' id='word_1_41' title='bbox 669 1529 834 1604; x_wconf 80' lang='lat' dir='ltr'><strong>proferetur,</strong></span> <span class='ocrx_word' id='word_1_42' title='bbox 863 1518 867 1526; x_wconf 54' lang='grc'><em>“</em></span> 
     </span>
     <span class='ocr_line' id='line_1_13' title="bbox 421 1610 837 1686; baseline 0.007 -21"><span class='ocrx_word' id='word_1_43' title='bbox 421 1610 456 1666; x_wconf 93' lang='lat' dir='ltr'><strong>In</strong></span> <span class='ocrx_word' id='word_1_44' title='bbox 478 1629 536 1686; x_wconf 92' lang='lat' dir='ltr'><strong>quo</strong></span> <span class='ocrx_word' id='word_1_45' title='bbox 557 1620 649 1668; x_wconf 91' lang='lat' dir='ltr'><strong>totum</strong></span> <span class='ocrx_word' id='word_1_46' title='bbox 671 1611 837 1681; x_wconf 89' lang='lat' dir='ltr'><strong>continetur,</strong></span> 
     </span>
     <span class='ocr_line' id='line_1_14' title="bbox 419 1690 819 1768; baseline 0.003 -20"><span class='ocrx_word' id='word_1_47' title='bbox 419 1690 506 1750; x_wconf 93' lang='lat' dir='ltr'><strong>Unde</strong></span> <span class='ocrx_word' id='word_1_48' title='bbox 526 1693 652 1750; x_wconf 89' lang='lat' dir='ltr'><strong>mundus</strong></span> <span class='ocrx_word' id='word_1_49' title='bbox 670 1693 819 1768; x_wconf 89' lang='lat' dir='ltr'><strong>judicetur.</strong></span> 
     </span>
    </p>
   </div>
   <div class='ocr_carea' id='block_1_9' title="bbox 421 1855 836 2077">
    <p class='ocr_par' dir='ltr' id='par_1_9' title="bbox 421 1855 836 2077">
     <span class='ocr_line' id='line_1_15' title="bbox 421 1855 834 1932; baseline 0 -21"><span class='ocrx_word' id='word_1_50' title='bbox 421 1855 515 1932; x_wconf 86' lang='lat' dir='ltr'><strong>Judex</strong></span> <span class='ocrx_word' id='word_1_51' title='bbox 537 1874 607 1930; x_wconf 84' lang='lat' dir='ltr'><strong>ergo</strong></span> <span class='ocrx_word' id='word_1_52' title='bbox 628 1874 694 1913; x_wconf 94' lang='lat' dir='ltr'><strong>eum</strong></span> <span class='ocrx_word' id='word_1_53' title='bbox 716 1855 834 1924; x_wconf 86' lang='lat' dir='ltr'><strong>sedebit,</strong></span> 
     </span>
     <span class='ocr_line' id='line_1_16' title="bbox 423 1935 836 2012; baseline 0 -19"><span class='ocrx_word' id='word_1_54' title='bbox 423 1935 572 2012; x_wconf 91' lang='lat' dir='ltr'><strong>Quidquid</strong></span> <span class='ocrx_word' id='word_1_55' title='bbox 593 1937 660 1994; x_wconf 88' lang='lat' dir='ltr'><strong>latet</strong></span> <span class='ocrx_word' id='word_1_56' title='bbox 681 1937 836 2012; x_wconf 82' lang='lat' dir='ltr'><strong>apparebit,</strong></span> 
     </span>
     <span class='ocr_line' id='line_1_17' title="bbox 422 2017 798 2077; baseline 0.011 -4"><span class='ocrx_word' id='word_1_57' title='bbox 422 2017 470 2074; x_wconf 93' lang='lat' dir='ltr'><strong>Nil</strong></span> <span class='ocrx_word' id='word_1_58' title='bbox 492 2019 612 2076; x_wconf 93' lang='lat' dir='ltr'><strong>inultum</strong></span> <span class='ocrx_word' id='word_1_59' title='bbox 632 2019 798 2077; x_wconf 85' lang='lat' dir='ltr'><strong>remanebit.</strong></span> 
     </span>
    </p>
   </div>
   <div class='ocr_carea' id='block_1_10' title="bbox 422 2163 950 2405">
    <p class='ocr_par' dir='ltr' id='par_1_10' title="bbox 422 2163 950 2405">
     <span class='ocr_line' id='line_1_18' title="bbox 423 2163 950 2236; baseline -0.006 -14"><span class='ocrx_word' id='word_1_60' title='bbox 423 2165 503 2236; x_wconf 85' lang='lat' dir='ltr'><strong>Quid</strong></span> <span class='ocrx_word' id='word_1_61' title='bbox 525 2185 589 2224; x_wconf 92' lang='lat' dir='ltr'><strong>sum</strong></span> <span class='ocrx_word' id='word_1_62' title='bbox 610 2167 696 2224; x_wconf 92' lang='lat' dir='ltr'><strong>miser</strong></span> <span class='ocrx_word' id='word_1_63' title='bbox 717 2175 784 2222; x_wconf 88' lang='lat' dir='ltr'><strong>tunc</strong></span> <span class='ocrx_word' id='word_1_64' title='bbox 806 2163 950 2222; x_wconf 85' lang='lat' dir='ltr'><strong>dicturus?</strong></span> 
     </span>
     <span class='ocr_line' id='line_1_19' title="bbox 423 2246 884 2322; baseline -0.007 -17"><span class='ocrx_word' id='word_1_65' title='bbox 423 2246 520 2316; x_wconf 89' lang='lat' dir='ltr'><strong>Quem</strong></span> <span class='ocrx_word' id='word_1_66' title='bbox 541 2256 693 2322; x_wconf 90' lang='lat' dir='ltr'><strong>patronum</strong></span> <span class='ocrx_word' id='word_1_67' title='bbox 715 2246 884 2321; x_wconf 86' lang='lat' dir='ltr'><strong>rogaturus?</strong></span> 
     </span>
     <span class='ocr_line' id='line_1_20' title="bbox 422 2327 877 2405; baseline -0.007 -19"><span class='ocrx_word' id='word_1_68' title='bbox 422 2327 497 2386; x_wconf 92' lang='lat' dir='ltr'><strong>Cum</strong></span> <span class='ocrx_word' id='word_1_69' title='bbox 518 2330 564 2386; x_wconf 86' lang='lat' dir='ltr'><strong>vix</strong></span> <span class='ocrx_word' id='word_1_70' title='bbox 583 2330 676 2405; x_wconf 88' lang='lat' dir='ltr'><strong>justus</strong></span> <span class='ocrx_word' id='word_1_71' title='bbox 697 2329 733 2386; x_wconf 93' lang='lat' dir='ltr'><strong>sit</strong></span> <span class='ocrx_word' id='word_1_72' title='bbox 754 2345 877 2385; x_wconf 89' lang='lat' dir='ltr'><strong>securus.</strong></span> 
     </span>
    </p>
   </div>
   <div class='ocr_carea' id='block_1_11' title="bbox 422 2475 883 2714">
    <p class='ocr_par' dir='ltr' id='par_1_11' title="bbox 422 2475 883 2714">
     <span class='ocr_line' id='line_1_21' title="bbox 422 2475 857 2551; baseline -0.002 -18"><span class='ocrx_word' id='word_1_73' title='bbox 422 2477 485 2534; x_wconf 88' lang='lat' dir='ltr'><strong>Rex</strong></span> <span class='ocrx_word' id='word_1_74' title='bbox 507 2477 671 2535; x_wconf 84' lang='lat' dir='ltr'><strong>tremendae</strong></span> <span class='ocrx_word' id='word_1_75' title='bbox 692 2475 857 2551; x_wconf 69' lang='lat' dir='ltr'><strong>majestatis</strong></span> 
     </span>
     <span class='ocr_line' id='line_1_22' title="bbox 423 2557 883 2631; baseline -0.004 -15"><span class='ocrx_word' id='word_1_76' title='bbox 423 2558 482 2629; x_wconf 93' lang='lat' dir='ltr'><strong>Qui</strong></span> <span class='ocrx_word' id='word_1_77' title='bbox 504 2559 654 2616; x_wconf 90' lang='lat' dir='ltr'><strong>salvandos</strong></span> <span class='ocrx_word' id='word_1_78' title='bbox 676 2557 767 2616; x_wconf 89' lang='lat' dir='ltr'><strong>salvas</strong></span> <span class='ocrx_word' id='word_1_79' title='bbox 787 2557 883 2631; x_wconf 75' lang='lat' dir='ltr'><strong>gratis</strong></span> 
     </span>
     <span class='ocr_line' id='line_1_23' title="bbox 423 2639 808 2714; baseline -0.005 -17"><span class='ocrx_word' id='word_1_80' title='bbox 423 2639 504 2699; x_wconf 87' lang='lat' dir='ltr'><strong>Salve</strong></span> <span class='ocrx_word' id='word_1_81' title='bbox 525 2660 581 2711; x_wconf 93' lang='lat' dir='ltr'><strong>me,</strong></span> <span class='ocrx_word' id='word_1_82' title='bbox 602 2640 667 2698; x_wconf 87' lang='lat' dir='ltr'><strong>fons</strong></span> <span class='ocrx_word' id='word_1_83' title='bbox 688 2639 808 2714; x_wconf 85' lang='lat' dir='ltr'><strong>pietatis.</strong></span> 
     </span>
    </p>
   </div>
   <div class='ocr_carea' id='block_1_12' title="bbox 422 2778 881 3027">
    <p class='ocr_par' dir='ltr' id='par_1_12' title="bbox 422 2778 881 3027">
     <span class='ocr_line' id='line_1_24' title="bbox 423 2778 761 2865; baseline -0.003 -20"><span class='ocrx_word' id='word_1_84' title='bbox 423 2789 595 2859; x_wconf 85' lang='lat' dir='ltr'><strong>Recordare,</strong></span> <span class='ocrx_word' id='word_1_85' title='bbox 616 2788 686 2865; x_wconf 89' lang='lat' dir='ltr'><strong>Jesu</strong></span> <span class='ocrx_word' id='word_1_86' title='bbox 706 2778 761 2863; x_wconf 86' lang='lat' dir='ltr'><strong>pie,</strong></span> 
     </span>
     <span class='ocr_line' id='line_1_25' title="bbox 423 2868 881 2941; baseline -0.007 -14"><span class='ocrx_word' id='word_1_87' title='bbox 423 2870 511 2941; x_wconf 92' lang='lat' dir='ltr'><strong>Quod</strong></span> <span class='ocrx_word' id='word_1_88' title='bbox 533 2890 597 2929; x_wconf 91' lang='lat' dir='ltr'><strong>sum</strong></span> <span class='ocrx_word' id='word_1_89' title='bbox 618 2887 705 2928; x_wconf 91' lang='lat' dir='ltr'><strong>causa</strong></span> <span class='ocrx_word' id='word_1_90' title='bbox 725 2878 790 2926; x_wconf 89' lang='lat' dir='ltr'><strong>tuae</strong></span> <span class='ocrx_word' id='word_1_91' title='bbox 812 2868 881 2937; x_wconf 86' lang='lat' dir='ltr'><strong>viae,</strong></span> 
     </span>
     <span class='ocr_line' id='line_1_26' title="bbox 422 2951 804 3027; baseline -0.003 -19"><span class='ocrx_word' id='word_1_92' title='bbox 422 2951 468 3009; x_wconf 93' lang='lat' dir='ltr'><strong>Ne</strong></span> <span class='ocrx_word' id='word_1_93' title='bbox 490 2970 537 3010; x_wconf 91' lang='lat' dir='ltr'><strong>me</strong></span> <span class='ocrx_word' id='word_1_94' title='bbox 557 2951 662 3027; x_wconf 88' lang='lat' dir='ltr'><strong>perdas</strong></span> <span class='ocrx_word' id='word_1_95' title='bbox 683 2951 730 3008; x_wconf 91' lang='lat' dir='ltr'><strong>illa</strong></span> <span class='ocrx_word' id='word_1_96' title='bbox 750 2951 804 3009; x_wconf 88' lang='lat' dir='ltr'><strong>die.</strong></span> 
     </span>
    </p>
   </div>
   <div class='ocr_carea' id='block_1_13' title="bbox 423 3097 900 3320">
    <p class='ocr_par' dir='ltr' id='par_1_13' title="bbox 423 3097 900 3320">
     <span class='ocr_line' id='line_1_27' title="bbox 423 3097 898 3170; baseline -0.004 -14"><span class='ocrx_word' id='word_1_97' title='bbox 423 3099 573 3170; x_wconf 89' lang='lat' dir='ltr'><strong>Quaerens</strong></span> <span class='ocrx_word' id='word_1_98' title='bbox 593 3116 650 3167; x_wconf 89' lang='lat' dir='ltr'><strong>me,</strong></span> <span class='ocrx_word' id='word_1_99' title='bbox 671 3097 769 3155; x_wconf 89' lang='lat' dir='ltr'><strong>sedisti</strong></span> <span class='ocrx_word' id='word_1_100' title='bbox 790 3097 898 3166; x_wconf 89' lang='lat' dir='ltr'><strong>lassus;</strong></span> 
     </span>
     <span class='ocr_line' id='line_1_28' title="bbox 424 3180 857 3254; baseline -0.005 -17"><span class='ocrx_word' id='word_1_101' title='bbox 424 3180 583 3239; x_wconf 90' lang='lat' dir='ltr'><strong>Redemisti</strong></span> <span class='ocrx_word' id='word_1_102' title='bbox 605 3197 718 3237; x_wconf 89' lang='lat' dir='ltr'><strong>crucem</strong></span> <span class='ocrx_word' id='word_1_103' title='bbox 738 3197 857 3254; x_wconf 89' lang='lat' dir='ltr'><strong>passus:</strong></span> 
     </span>
     <span class='ocr_line' id='line_1_29' title="bbox 424 3261 900 3320; baseline -0.002 -2"><span class='ocrx_word' id='word_1_104' title='bbox 424 3261 535 3320; x_wconf 88' lang='lat' dir='ltr'><strong>Tantus</strong></span> <span class='ocrx_word' id='word_1_105' title='bbox 556 3262 636 3320; x_wconf 89' lang='lat' dir='ltr'><strong>labor</strong></span> <span class='ocrx_word' id='word_1_106' title='bbox 657 3279 716 3319; x_wconf 91' lang='lat' dir='ltr'><strong>non</strong></span> <span class='ocrx_word' id='word_1_107' title='bbox 737 3261 772 3318; x_wconf 92' lang='lat' dir='ltr'><strong>sit</strong></span> <span class='ocrx_word' id='word_1_108' title='bbox 793 3279 900 3319; x_wconf 90' lang='lat' dir='ltr'><strong>cassus.</strong></span> 
     </span>
    </p>
   </div>
   <div class='ocr_carea' id='block_1_14' title="bbox 0 0 1212 3904">
    <p class='ocr_par' dir='ltr' id='par_1_14' title="bbox 0 0 1212 3904">
     <span class='ocr_line' id='line_1_30' title="bbox 0 0 1212 3904; baseline 0 0"><span class='ocrx_word' id='word_1_109' title='bbox 0 0 1212 3904; x_wconf 95' lang='lat' dir='ltr'><strong> </strong></span> 
     </span>
    </p>
   </div>
  </div>
 </body>
</html>
