2478 3928
406 399 461 460 SS.
483 403 568 461 Petri
584 411 610 462 et
628 403 723 464 Pauli.
904 419 956 478 η’]

248 564 354 622 Laetus
375 565 523 624 aeternum
544 567 667 627 celebret
688 565 840 626 Parentem

249 644 354 705 Orbis:
378 656 526 705 aeternum
548 649 670 708 celebret
691 648 819 708 Parentis
944 659 948 680 '

249 727 369 784 Filium:
394 745 447 802 par
467 729 503 786 sit
523 730 574 787 tibi
594 729 655 790 laus
675 749 727 808 per
747 749 842 802 omne,

329 807 457 884 Spiritus,
477 827 588 870 aevmn.

495 977 642 986 ————-

471 1093 566 1175 Juurr
591 1114 642 1181 29.

367 1298 417 1357 SS.
441 1298 566 1357 PETRI
587 1298 643 1356 ET
664 1296 786 1356 PAULI

412 1429 731 1491 APOSTOLORUM.

387 1643 433 1686 AD
453 1642 570 1686 PRIMAS
595 1640 755 1685 VESPERAS.

217 1796 301 1868 Quos
320 1796 413 1872 junxit
433 1811 515 1865 unus,
537 1795 594 1868 vita
614 1794 684 1852 dum
704 1794 817 1864 mansit,
839 1793 927 1863 labor,
970 1866 972 1870 .

218 1878 301 1950 Quos
322 1896 380 1936 una
400 1878 487 1936 clarat
508 1887 600 1935 morte
620 1875 718 1952 palma
738 1873 887 1951 Martyres,

217 1959 315 2017 Ambo
335 1959 437 2019 sacrati
457 1958 601 2034 principes
622 1957 770 2027 exercitus,

219 2040 310 2098 Coelo
330 2049 463 2116 receptos
483 2057 541 2097 una
560 2056 612 2096 vos
633 2039 699 2098 colit
720 2039 790 2097 dies.

218 2201 290 2272 Vos,
313 2201 456 2278 angularis
477 2202 523 2260 cui
544 2201 642 2260 subest
663 2199 792 2260 Christus
812 2201 892 2277 lapis,

220 2283 357 2342 Fundatis
378 2283 510 2342 Aedem:
535 2283 656 2358 mystico
676 2301 728 2342 vos
750 2282 880 2359 Corpori,

222 2365 277 2423 Cui
297 2365 461 2442 praesidere
480 2364 587 2440 gaudet
608 2375 761 2440 augustum
783 2362 885 2439 Caput,

221 2446 344 2521 Fulgere
364 2447 440 2504 clara
458 2447 542 2522 jussit
564 2446 651 2504 ambo
672 2445 787 2504 lumina.

222 2608 257 2665 In
278 2619 306 2666 te
326 2618 453 2684 potestas
474 2608 603 2678 clavimn,
624 2607 714 2678 Petre,
736 2608 856 2679 eminet;

223 2688 277 2761 Te,
299 2689 394 2756 Paule,
415 2690 524 2748 flumen
545 2689 641 2764 irrigat
661 2690 813 2748 scientiae:

225 2770 352 2846 Uterque
372 2770 482 2842 Pastor,
504 2781 532 2830 et
552 2772 695 2846 magister,
717 2781 745 2829 et
765 2788 878 2847 parens,

223 2851 358 2928 Olimqne
378 2853 489 2912 mundo
509 2852 640 2911 destinati
658 2852 776 2929 jndices.

224 3013 420 3073 Infirmitatem
441 3013 533 3073 carnis
554 3015 662 3090 experti
682 3025 786 3085 tamen,

225 3095 326 3154 Nostis
347 3096 485 3154 caducam
506 3095 598 3154 fictilis
618 3105 721 3155 testam
742 3097 808 3166 luti;

225 3176 262 3235 Et
283 3178 428 3236 consecuti
449 3177 578 3252 gratiam,
600 3177 749 3236 clientibus

225 3257 377 3318 Praestatis
397 3258 471 3316 ultro
491 3276 578 3335 quam
599 3259 647 3336 pie
666 3271 789 3337 poscunt
810 3275 905 3334 opem.
