2478 3928
370 401 411 461 In
431 402 651 462 Annuna'attbne
670 402 752 464 Dom.
901 421 955 481 ¹¹5

317 565 433 626 Mundo
466 567 632 644 redemptor
653 569 702 645 qui
723 569 811 639 venis,

317 649 379 719 Fili,
399 649 450 706 tibi
470 649 532 708 laus
553 651 680 708 maxima

316 729 393 789 Cum
414 729 514 790 Patre:
543 748 597 788 nec
618 732 669 790 tibi
689 732 783 791 minor

317 811 404 882 Laus,
425 812 572 888 utriusque
594 812 723 889 Spiritus.
809 854 816 866 ·

453 1185 499 1229 AD
520 1185 655 1230 LAUDES.

318 1377 437 1436 Pulsum
457 1379 589 1456 supernis
609 1380 734 1451 sedibus,

317 1459 438 1519 Umbris
459 1469 501 1519 tot
521 1478 613 1520 annos
633 1462 768 1532 obsitum,

319 1541 459 1601 Coelestis
480 1544 612 1618 ignarum
632 1544 702 1614 viae,

318 1622 437 1681 Errabat
457 1623 617 1682 humanum
637 1642 738 1700 genus.

318 1786 460 1845 Coelestis
481 1804 518 1844 en
539 1785 605 1844 Rex
626 1786 727 1859 curiae,

316 1867 357 1926 Ut
377 1878 517 1934 monstret
537 1868 574 1926 ad
595 1870 709 1928 coelum
729 1870 804 1928 viam

318 1949 480 2026 Secumque
501 1950 586 2009 ducat
606 1951 713 2023 exules,

318 2031 356 2090 Se
377 2041 481 2108 sponte
502 2030 568 2090 fecit
588 2033 711 2092 exulem.

319 2193 357 2252 Se
378 2193 466 2252 deviis
486 2195 604 2270 praebet
625 2195 737 2266 ducem,

317 2274 401 2334 Vires
421 2276 470 2333 dat
490 2276 717 2349 ambulantibus;
765 2325 768 2335 .

319 2356 371 2415 Est
392 2357 454 2432 ipse
475 2374 532 2433 qua
553 2357 631 2416 ducit
648 2359 712 2428 via;

318 2436 387 2510 Quo
408 2438 494 2509 ducit,
515 2439 577 2514 ipse
597 2441 743 2499 terminus.

318 2599 407 2670 Deus,
429 2617 563 2676 suprema
583 2600 705 2673 Veritas,

318 2680 459 2740 Umbrata
478 2682 542 2740 velo
563 2684 698 2759 corporis,

318 2761 398 2822 Puris
419 2764 541 2822 videnda
561 2765 714 2835 mentibuS,

318 2843 421 2903 Lustra
440 2855 491 2903 tuo
511 2862 566 2903 nos
584 2845 700 2904 lumine.

315 3004 353 3063 Et
373 3016 413 3078 tu,
433 3016 547 3065 tuorum
568 3007 608 3066 sis
628 3024 748 3078 memor,

318 3085 411 3159 Quae,
433 3089 503 3147 dum
523 3088 656 3146 modesto
676 3100 792 3165 pectore

319 3166 365 3225 Te
387 3169 457 3228 dicis
478 3170 609 3228 ancillam
629 3168 695 3242 Dei,

320 3247 434 3326 Regina
453 3251 554 3310 mundi
574 3251 684 3310 diceris.
720 3295 721 3300 η

641 3349 685 3389 12
