2430 3918
257 430 296 492 70
461 359 505 470 dn
526 411 607 470 Festo
630 409 663 482 Q.
684 381 871 487 Plugczrmn.¹

380 608 444 667 Nos
465 606 646 681 sempiternis
668 624 738 664 crux
759 617 808 665 tua

379 689 407 749 Ο
429 687 549 758 Christe,
566 687 696 744 'flammis
717 689 804 745 eruit:

380 770 437 828 Hie
458 788 509 827 ure
530 769 642 839 vindex,
664 768 709 826 hic
732 788 807 839 seca,

380 852 483 910 Parcas
504 851 534 908 in
554 859 701 908 aeternum
721 851 819 909 modo.

379 1014 455 1074 Caro
476 1013 626 1084 reclamat;
641 1013 700 1092 'sed
721 1012 811 1072 Patris

381 1095 472 1171 Urget
492 1095 639 1152 voluntas:
658 1112 712 1152 nos
733 1104 782 1160 tua

382 1177 494 1236 Virtute
515 1177 552 1234 da
572 1175 659 1234 fortes
680 1177 769 1252 sequi,

381 1258 459 1335 Jesu‚
481 1258 560 1334 quod
581 1257 715 1333 exemplo
736 1258 834 1323 doces,

381 1422 484 1480 Livore
505 1429 620 1479 sanatos
640 1429 698 1490 tuo,

383 1503 507 1579 Tuoque
528 1501 602 1560 lotos
624 1501 770 1577 sanguine,

382 1585 534 1643 Peccando
555 1602 591 1642 ne
612 1601 717 1641 novam
739 1583 815 1641 sinas

383 1666 486 1724 Parare
507 1683 561 1723 nos
582 1665 632 1722 tibi
653 1682 775 1729 crucem.

385 1828 443 1899 Qui
465 1827 568 1892 Filium
588 1827 680 1898 tradit,
702 1826 785 1896 Patri,

385 1910 520 1984 Natoque
542 1910 576 1967 sit
597 1909 658 1967 laus
678 1909 809 1966 victimae
832 1927 839 1964 ε

384 1991 439 2049 Par
460 1992 496 2070 sit
515 1991 566 2048 tibi
587 1990 657 2061 laus,
679 1991 728 2065 qui
749 2007 860 2048 sacram

385 2073 540 2131 Succendis
563 2090 650 2143 aram,
674 2070 802 2148 spiritus.

566 2398 613 2440 AD
633 2398 768 2442 LAUDFS.

345 2612 428 2684 Quae
450 2620 477 2668 te
498 2628 551 2686 pro
572 2610 670 2685 populi
691 2610 856 2668 criminibus
877 2627 952 2669 nova

346 2694 495 2752 Insontem
515 2701 649 2766 properat
669 2692 788 2767 perdere
809 2692 933 2750 caritas?

347 2774 425 2847 Quid
446 2792 506 2831 non
526 2791 579 2848 pro
601 2773 705 2831 misera
724 2783 810 2848 gente
831 2773 884 2831 luis
905 2773 1005 2831 volens

369 2885 371 2890 ·
427 2856 530 2914 Faetus
551 2855 666 2913 victima
686 2855 839 2912 Pontifex?

346 3019 426 3077 Clavi
447 3018 496 3093 qui
516 3017 664 3092 geminum
685 3017 881 3093 transadigunt
902 3018 1017 3092 pedem,

347 3101 483 3175 Captivos
503 3098 607 3173 laqueo
628 3100 777 3158 daemonis
798 3110 916 3169 eruunt;

348 3182 574 3254 Transfixaeque
595 3198 698 3240 manus
719 3182 864 3240 excutiunt
884 3189 975 3250 vetus,

428 3262 496 3336 Quo
517 3263 641 3322 mundus
662 3264 807 3340 premitur,
825 3264 937 3340 jugum.
