2478 3928
295 385 333 452 84

507 377 545 436 In
565 378 727 437 Asccnsrime
746 380 870 440 Domini.

415 543 495 600 Illinc
516 542 639 600 adornas
660 552 689 600 et
709 543 789 602 foves

413 624 573 682 Ecclesiam
594 641 718 699 sponsus
739 635 836 697 tuam;

413 706 588 781 Cunctisque
609 706 696 762 vitam
717 707 826 778 dividis,

413 787 512 845 Infusa
532 805 586 844 ceu
606 805 697 858 mens,
719 790 843 848 artubus.

414 951 494 1008 Illinc
515 959 557 1009 tot
578 949 651 1007 inter
671 950 776 1025 praelia

412 1032 621 1091 Periclitantem
644 1033 782 1106 sustines;

412 1115 472 1172 Das
493 1113 622 1171 militanti
643 1113 762 1185 vincere,

413 1196 543 1254 Palmam
563 1194 748 1270 triumphanti
769 1214 862 1272 paras·

412 1359 488 1430 Quo,
511 1359 631 1432 Christe,
653 1360 800 1436 praecedis
821 1370 915 1435 caput,

411 1441 479 1500 Huc
500 1443 642 1518 integrum
663 1460 767 1516 corpus
788 1460 889 1500 vocas:

410 1523 546 1599 Vestigiis
567 1525 661 1582 tritam
683 1524 738 1580 tuis

409 1605 466 1663 Fac
487 1607 617 1664 membra
638 1614 780 1664 sectentur
800 1605 883 1661 viam.

408 1768 467 1839 Qui
489 1768 576 1826 victor
597 1769 634 1826 ad
655 1769 769 1826 coelum
789 1768 872 1838 redis

406 1849 484 1926 Jesu,
505 1850 557 1907 tibi
579 1851 613 1908 sit
634 1850 732 1925 gloria,
802 1879 805 1890 ·

407 1931 483 1990 Cum
504 1931 595 2001 Patre,
618 1950 741 2008 cumque
764 1929 877 2005 Spiritu,

406 2014 441 2069 In
462 2013 635 2088 sempiterna
656 2014 758 2072 secula.

513 2370 559 2413 AD
580 2369 733 2414 OFFICIUM
756 2370 850 2414 NOCT-

363 2556 517 2626 Promissa,
538 2557 629 2627 tellus,
651 2557 771 2631 concipe
792 2557 915 2631 gaudia;

362 2638 407 2695 Te
428 2637 521 2695 fausta
541 2639 623 2696 coelo
644 2639 774 2697 conciliat
795 2639 872 2696 dies:

361 2720 441 2777 Deus
462 2728 604 2778 tumentes
625 2731 713 2796 ponet
734 2720 805 2777 iras:

360 2801 465 2859 Sancta
485 2810 550 2859 tuus
572 2801 715 2860 Mediator
736 2802 826 2858 intrat.

360 2963 417 3034 Tu,
439 2963 558 3033 Christe,
581 2963 669 3022 victor
689 2965 789 3022 mortis
809 2973 837 3022 et
859 2962 948 3032 inferi,

360 3045 468 3104 Cruore
490 3054 601 3120 partam
623 3047 736 3121 suscipe
757 3046 894 3122 gloriam:

358 3127 493 3197 Procede,
515 3145 612 3201 regna,
634 3146 715 3185 sume
737 3138 896 3204 sceptrum:

358 3208 510 3285 Subjicitur
530 3209 581 3266 tibi
602 3217 678 3268 totus
699 3210 784 3268 orbis
