2478 3928
275 416 329 470 160

484 413 522 470 In
551 412 631 488 Vt'gt‘l.
656 411 785 471 Omm'um
806 412 862 473 SS.

432 581 491 652 Qui
513 599 567 640 nos
589 590 717 650 coronat,
739 581 801 639 laus
823 581 907 649 Patri,

431 661 516 733 Laus
536 663 589 738 qui
608 663 738 734 redemit,
760 663 849 733 Filio;

433 745 520 802 Alma
538 745 641 820 juvans
663 762 718 802 nos
738 745 837 819 gratia,

436 825 478 882 Sit
500 844 552 901 par
572 826 623 883 tibi
645 826 715 896 laus,
739 825 868 901 Spiritus.

571 1186 617 1229 AD
638 1185 772 1230 LAUDES.

430 1380 579 1450 Coelestis,
601 1379 629 1439 O
651 1380 818 1457 Jerusalem,

430 1462 568 1521 Mensura
590 1480 704 1536 semper
724 1462 832 1532 civitas

431 1544 459 1604 Ο
480 1555 523 1602 ter
544 1544 627 1613 beati,
650 1561 724 1619 quos
745 1544 801 1601 tuis

429 1625 514 1684 Cives
535 1625 667 1683 recondis
688 1625 858 1684 moenibus}

430 1790 478 1847 Tu
499 1788 578 1864 pacis
600 1797 731 1845 aeternae
752 1787 865 1856 domus,

430 1871 541 1928 Dilecta
563 1869 735 1927 Sanctorum
756 1869 846 1944 quies

429 1952 520 2010 Sedes
541 1951 607 2008 Deo
628 1949 790 2020 fruentium,
843 1947 851 1968 ¹

429 2032 519 2108 Regis
541 2032 657 2108 superni
678 2033 764 2090 curia.

431 2195 488 2253 Hic
510 2196 539 2252 in
559 2195 664 2253 throno
685 2194 790 2253 sedens
811 2194 893 2252 Deus

429 2277 557 2336 Cun'ctos
578 2277 645 2333 beat
665 2276 844 2351 praesentia:

429 2359 487 2417 Hic
508 2358 552 2416 sol
572 2358 714 2433 perennis,
737 2357 889 2433 splendido

428 2439 556 2514 Affulget
577 2440 681 2514 Agnus
702 2439 818 2496 lumine.

428 2603 494 2660 Hac
515 2601 593 2671 sede,
615 2620 675 2678 quo
696 2602 779 2660 datur
800 2599 854 2657 frui

428 2684 478 2741 Nil
499 2683 581 2741 dulce
602 2684 697 2741 turbat
717 2684 824 2742 otium:

429 2765 486 2822 Hic
507 2783 582 2823 unus
602 2774 647 2823 est
669 2765 781 2823 Sanctis
802 2763 883 2821 labor

427 2846 483 2904 Dei
505 2864 604 2904 vacare
625 2846 766 2905 laudibus.

428 3008 496 3066 Huc
517 3018 594 3066 certa
615 3027 669 3068 nos
691 3027 758 3083 spes
780 3015 888 3074 evocat,

428 3089 495 3148 Huc
517 3101 584 3148 vota
604 3091 722 3148 tendunt
742 3089 855 3148 omnia:

427 3171 491 3230 Nec
511 3181 614 3230 terreat
634 3173 727 3231 brevis
749 3170 848 3229 labor:

428 3254 552 3312 Aetema
572 3270 646 3329 quos
667 3272 778 3313 merces
798 3261 905 3310 manet.
