2430 3918
369 404 407 462 In
428 402 508 462 Festo
528 402 560 463 S.
575 401 705 482 soanm's.
899 425 932 476 41

181 566 236 625 Per
256 577 284 624 te
305 585 386 626 sacra
406 577 504 644 patent
525 566 621 625 abdita
642 567 769 625 vatibus:

180 647 265 720 Quae
286 649 335 706 lux
356 650 386 706 in
406 649 530 708 tenebris
551 647 665 724 fulgeat,
687 649 813 707 indicas:
902 699 904 703 .

178 731 206 786 A
228 748 288 805 quo
307 731 363 788 vita
383 731 452 802 fluit,
474 730 644 806 principium
666 731 747 805 petis,

262 811 299 869 Et
320 812 476 888 primordia
496 811 618 870 luminis.

181 973 257 1031 Patri
278 975 404 1032 maxima
424 974 494 1044 laus,
516 975 643 1032 maxima
663 973 745 1043 Filio,

180 1056 399 1131 Amborumque
422 1072 504 1114 sacro
524 1056 651 1113 maxima
672 1055 811 1112 Flamini:

181 1137 265 1195 Haec
286 1147 329 1195 est
350 1146 426 1196 certa
447 1137 527 1208 fides,
548 1137 674 1195 sontibus
696 1155 712 1194 e
733 1137 788 1194 tuis

262 1218 359 1290 Quam
381 1218 513 1276 divinitus
534 1218 690 1277 hausimus

421 1626 467 1668 AD
489 1623 650 1669 VESPERAS.

185 1778 226 1836 Sit
247 1778 296 1853 qui
316 1778 367 1834 rite
389 1787 472 1835 canat
493 1788 520 1836 te
541 1778 631 1836 modo
652 1777 798 1852 virginem,

184 1859 229 1917 Te
251 1859 360 1934 scriptis
382 1859 523 1917 celebrem
545 1859 620 1917 dieat
641 1858 823 1934 Apostolum,

181 1940 289 2016 Jungat
310 1940 438 1998 veridicis
459 1950 486 1997 te
508 1958 624 2015 quoque
645 1939 776 2010 Vatibus,

264 2020 367 2079 Christi
388 2031 416 2080 te
437 2039 511 2079 cano
532 2019 695 2097 Martyrem.

184 2184 246 2242 Diri
268 2184 346 2241 testis
367 2201 430 2241 eras
451 2183 565 2255 funeris,
588 2194 616 2242 et
637 2202 744 2254 comes,

183 2265 268 2323 Votis
288 2283 355 2322 cum
376 2263 505 2324 Domino
526 2266 599 2324 fixus
621 2284 683 2324 eras
704 2265 796 2334 cruei;

184 2347 253 2405 Hoc
274 2356 384 2404 tantum
405 2347 481 2404 licuit
502 2357 569 2404 tunc
590 2347 642 2405 tibi
662 2348 769 2405 mutuis

266 2426 454 2503 Respondere
475 2428 629 2487 doloribus.

183 2589 317 2648 Pendens
338 2589 455 2648 funerea
476 2590 605 2649 Christus
628 2591 665 2648 ab
687 2590 795 2661 arbore,

185 2671 230 2728 Te
252 2672 335 2729 matri
355 2672 477 2729 miserae
496 2672 557 2748 jam
579 2673 640 2730 sine
661 2672 728 2742 filio,

184 2752 294 2810 Natum
315 2753 465 2810 substituit.
508 2752 631 2811 Credere
653 2753 802 2828 Virginem

266 2833 363 2905 Quam
384 2852 436 2910 par
457 2844 500 2892 est
521 2835 571 2892 tibi
592 2835 710 2910 virginii

184 2995 250 3053 Tali
272 2995 404 3071 deposito
424 2997 495 3072 quid
515 2996 685 3073 pretiosius?

185 3077 278 3136 Mater
298 3095 364 3135 vera
384 3076 440 3135 Dei
458 3079 518 3154 jam
540 3087 589 3135 tua
609 3078 718 3148 dicitur,

185 3158 277 3217 Natus
296 3159 359 3234 jure
380 3160 440 3235 pari
462 3159 572 3230 dicere3
594 3160 698 3217 mortui

264 3237 409 3316 Jacturam
429 3259 545 3319 reparas
566 3239 630 3299 Dei.
