<?xml version="1.0" encoding="UTF-8"?>
<!DOCTYPE html PUBLIC "-//W3C//DTD XHTML 1.0 Transitional//EN"
    "http://www.w3.org/TR/xhtml1/DTD/xhtml1-transitional.dtd">
<html xmlns="http://www.w3.org/1999/xhtml" xml:lang="en" lang="en">
 <head>
  <title>
</title>
<meta http-equiv="Content-Type" content="text/html;charset=utf-8" />
  <meta name='ocr-system' content='tesseract 3.04.00' />
  <meta name='ocr-capabilities' content='ocr_page ocr_carea ocr_par ocr_line ocrx_word'/>
</head>
<body>
  <div class='ocr_page' id='page_1' title='image "./hymniecclesiae01churgoog_0112.png"; bbox 0 0 2478 3928; ppageno 0'>
   <div class='ocr_carea' id='block_1_1' title="bbox 395 419 713 480">
    <p class='ocr_par' dir='ltr' id='par_1_1' title="bbox 395 419 713 480">
     <span class='ocr_line' id='line_1_1' title="bbox 395 419 713 480; baseline 0.006 -2"><span class='ocrx_word' id='word_1_1' title='bbox 395 421 433 480; x_wconf 83' lang='lat' dir='ltr'><strong>In</strong></span> <span class='ocrx_word' id='word_1_2' title='bbox 453 420 534 478; x_wconf 76' lang='lat' dir='ltr'><strong>Festo</strong></span> <span class='ocrx_word' id='word_1_3' title='bbox 559 419 713 480; x_wconf 75' lang='lat' dir='ltr'><em>Trinitatis,</em></span> 
     </span>
    </p>
   </div>
   <div class='ocr_carea' id='block_1_2' title="bbox 311 583 749 888">
    <p class='ocr_par' dir='ltr' id='par_1_2' title="bbox 311 583 749 888">
     <span class='ocr_line' id='line_1_2' title="bbox 315 583 716 644; baseline 0 -1"><span class='ocrx_word' id='word_1_4' title='bbox 315 586 394 643; x_wconf 88' lang='lat' dir='ltr'><strong>Dum</strong></span> <span class='ocrx_word' id='word_1_5' title='bbox 415 604 474 644; x_wconf 86' lang='lat' dir='ltr'><strong>nox</strong></span> <span class='ocrx_word' id='word_1_6' title='bbox 495 585 581 642; x_wconf 86' lang='lat' dir='ltr'><strong>creati</strong></span> <span class='ocrx_word' id='word_1_7' title='bbox 602 583 716 644; x_wconf 86' lang='lat' dir='ltr'><strong>luminis</strong></span> 
     </span>
     <span class='ocr_line' id='line_1_3' title="bbox 311 666 670 744; baseline -0.006 -19"><span class='ocrx_word' id='word_1_8' title='bbox 311 668 401 744; x_wconf 80' lang='lat' dir='ltr'><strong>Jubar</strong></span> <span class='ocrx_word' id='word_1_9' title='bbox 422 667 546 725; x_wconf 86' lang='lat' dir='ltr'><strong>tenebris</strong></span> <span class='ocrx_word' id='word_1_10' title='bbox 567 666 670 736; x_wconf 90' lang='lat' dir='ltr'><strong>obruit,</strong></span> 
     </span>
     <span class='ocr_line' id='line_1_4' title="bbox 315 745 749 825; baseline -0.002 -18"><span class='ocrx_word' id='word_1_11' title='bbox 315 745 473 825; x_wconf 85' lang='lat' dir='ltr'><strong>Splendere</strong></span> <span class='ocrx_word' id='word_1_12' title='bbox 493 759 525 806; x_wconf 91' lang='lat' dir='ltr'><strong>tu</strong></span> <span class='ocrx_word' id='word_1_13' title='bbox 545 765 605 805; x_wconf 91' lang='lat' dir='ltr'><strong>non</strong></span> <span class='ocrx_word' id='word_1_14' title='bbox 626 749 749 818; x_wconf 84' lang='lat' dir='ltr'><strong>desinas,</strong></span> 
     </span>
     <span class='ocr_line' id='line_1_5' title="bbox 314 829 692 888; baseline -0.005 -1"><span class='ocrx_word' id='word_1_15' title='bbox 314 830 378 888; x_wconf 85' lang='lat' dir='ltr'><strong>Lux</strong></span> <span class='ocrx_word' id='word_1_16' title='bbox 399 831 524 888; x_wconf 85' lang='lat' dir='ltr'><strong>increata</strong></span> <span class='ocrx_word' id='word_1_17' title='bbox 544 829 692 886; x_wconf 81' lang='lat' dir='ltr'><strong>mentium.</strong></span> 
     </span>
    </p>
   </div>
   <div class='ocr_carea' id='block_1_3' title="bbox 304 992 749 1310">
    <p class='ocr_par' dir='ltr' id='par_1_3' title="bbox 304 992 749 1310">
     <span class='ocr_line' id='line_1_6' title="bbox 312 992 749 1067; baseline 0 -17"><span class='ocrx_word' id='word_1_18' title='bbox 312 993 361 1050; x_wconf 92' lang='lat' dir='ltr'><strong>Tu</strong></span> <span class='ocrx_word' id='word_1_19' title='bbox 382 993 475 1052; x_wconf 91' lang='lat' dir='ltr'><strong>cordis</strong></span> <span class='ocrx_word' id='word_1_20' title='bbox 496 992 603 1067; x_wconf 88' lang='lat' dir='ltr'><strong>hospes</strong></span> <span class='ocrx_word' id='word_1_21' title='bbox 625 992 749 1063; x_wconf 84' lang='lat' dir='ltr'><strong>intimus,</strong></span> 
     </span>
     <span class='ocr_line' id='line_1_7' title="bbox 310 1074 733 1149; baseline 0 -17"><span class='ocrx_word' id='word_1_22' title='bbox 310 1074 410 1132; x_wconf 87' lang='lat' dir='ltr'><strong>Dulcis</strong></span> <span class='ocrx_word' id='word_1_23' title='bbox 431 1075 562 1132; x_wconf 86' lang='lat' dir='ltr'><strong>laborum</strong></span> <span class='ocrx_word' id='word_1_24' title='bbox 582 1082 614 1130; x_wconf 88' lang='lat' dir='ltr'><strong>tu</strong></span> <span class='ocrx_word' id='word_1_25' title='bbox 635 1075 733 1149; x_wconf 88' lang='lat' dir='ltr'><strong>quies;</strong></span> 
     </span>
     <span class='ocr_line' id='line_1_8' title="bbox 310 1155 687 1232; baseline 0.003 -20"><span class='ocrx_word' id='word_1_26' title='bbox 310 1156 359 1212; x_wconf 93' lang='lat' dir='ltr'><strong>Tu</strong></span> <span class='ocrx_word' id='word_1_27' title='bbox 379 1156 493 1214; x_wconf 85' lang='lat' dir='ltr'><strong>fletibus</strong></span> <span class='ocrx_word' id='word_1_28' title='bbox 514 1172 588 1232; x_wconf 93' lang='lat' dir='ltr'><strong>quos</strong></span> <span class='ocrx_word' id='word_1_29' title='bbox 609 1155 687 1216; x_wconf 85' lang='lat' dir='ltr'><strong>elicis</strong></span> 
     </span>
     <span class='ocr_line' id='line_1_9' title="bbox 304 1237 672 1310; baseline 0 -16"><span class='ocrx_word' id='word_1_30' title='bbox 304 1237 413 1296; x_wconf 84' lang='lat' dir='ltr'><strong>Divina</strong></span> <span class='ocrx_word' id='word_1_31' title='bbox 433 1237 538 1296; x_wconf 87' lang='lat' dir='ltr'><strong>misces</strong></span> <span class='ocrx_word' id='word_1_32' title='bbox 558 1237 672 1310; x_wconf 81' lang='lat' dir='ltr'><strong>gaudia.</strong></span> 
     </span>
    </p>
   </div>
   <div class='ocr_carea' id='block_1_4' title="bbox 307 1399 744 1718">
    <p class='ocr_par' dir='ltr' id='par_1_4' title="bbox 307 1399 744 1718">
     <span class='ocr_line' id='line_1_10' title="bbox 310 1399 677 1473; baseline 0.003 -17"><span class='ocrx_word' id='word_1_33' title='bbox 310 1399 414 1458; x_wconf 87' lang='lat' dir='ltr'><strong>Totius</strong></span> <span class='ocrx_word' id='word_1_34' title='bbox 434 1418 454 1458; x_wconf 94' lang='lat'>0</span> <span class='ocrx_word' id='word_1_35' title='bbox 474 1399 540 1457; x_wconf 87' lang='lat' dir='ltr'><strong>fons</strong></span> <span class='ocrx_word' id='word_1_36' title='bbox 562 1400 677 1473; x_wconf 83' lang='lat' dir='ltr'><strong>gratiae,</strong></span> 
     </span>
     <span class='ocr_line' id='line_1_11' title="bbox 308 1480 701 1540; baseline -0.005 0"><span class='ocrx_word' id='word_1_37' title='bbox 308 1481 424 1540; x_wconf 82' lang='lat' dir='ltr'><strong>Certare</strong></span> <span class='ocrx_word' id='word_1_38' title='bbox 445 1481 557 1539; x_wconf 86' lang='lat' dir='ltr'><strong>danos</strong></span> <span class='ocrx_word' id='word_1_39' title='bbox 579 1480 701 1540; x_wconf 84' lang='lat' dir='ltr'><strong>fortiter:</strong></span> 
     </span>
     <span class='ocr_line' id='line_1_12' title="bbox 309 1563 691 1632; baseline 0 -12"><span class='ocrx_word' id='word_1_40' title='bbox 309 1563 491 1621; x_wconf 83' lang='lat' dir='ltr'><strong>Certantibus</strong></span> <span class='ocrx_word' id='word_1_41' title='bbox 513 1563 550 1620; x_wconf 84' lang='lat' dir='ltr'><strong>da</strong></span> <span class='ocrx_word' id='word_1_42' title='bbox 570 1563 691 1632; x_wconf 88' lang='lat' dir='ltr'><strong>vincere,</strong></span> 
     </span>
     <span class='ocr_line' id='line_1_13' title="bbox 307 1644 744 1718; baseline 0.002 -19"><span class='ocrx_word' id='word_1_43' title='bbox 307 1645 496 1702; x_wconf 84' lang='lat' dir='ltr'><strong>Vincentibus</strong></span> <span class='ocrx_word' id='word_1_44' title='bbox 517 1644 555 1702; x_wconf 84' lang='lat' dir='ltr'><strong>da</strong></span> <span class='ocrx_word' id='word_1_45' title='bbox 575 1645 744 1718; x_wconf 84' lang='lat' dir='ltr'><strong>praemium.</strong></span> 
     </span>
    </p>
   </div>
   <div class='ocr_carea' id='block_1_5' title="bbox 305 1805 750 2124">
    <p class='ocr_par' dir='ltr' id='par_1_5' title="bbox 305 1805 750 2124">
     <span class='ocr_line' id='line_1_14' title="bbox 308 1805 731 1875; baseline -0.005 -10"><span class='ocrx_word' id='word_1_46' title='bbox 308 1807 350 1865; x_wconf 89' lang='lat' dir='ltr'><strong>Sit</strong></span> <span class='ocrx_word' id='word_1_47' title='bbox 370 1808 432 1866; x_wconf 79' lang='lat' dir='ltr'><strong>laus</strong></span> <span class='ocrx_word' id='word_1_48' title='bbox 454 1806 537 1875; x_wconf 84' lang='lat' dir='ltr'><strong>Patri,</strong></span> <span class='ocrx_word' id='word_1_49' title='bbox 559 1805 621 1864; x_wconf 83' lang='lat' dir='ltr'><strong>laus</strong></span> <span class='ocrx_word' id='word_1_50' title='bbox 642 1805 731 1864; x_wconf 89' lang='lat' dir='ltr'><strong>Filio:</strong></span> 
     </span>
     <span class='ocr_line' id='line_1_15' title="bbox 305 1887 731 1962; baseline -0.005 -14"><span class='ocrx_word' id='word_1_51' title='bbox 305 1888 360 1948; x_wconf 84' lang='lat' dir='ltr'><strong>Par</strong></span> <span class='ocrx_word' id='word_1_52' title='bbox 381 1889 417 1947; x_wconf 89' lang='lat' dir='ltr'><strong>sit</strong></span> <span class='ocrx_word' id='word_1_53' title='bbox 437 1889 488 1946; x_wconf 89' lang='lat' dir='ltr'><strong>tibi</strong></span> <span class='ocrx_word' id='word_1_54' title='bbox 509 1887 579 1957; x_wconf 84' lang='lat' dir='ltr'><strong>laus,</strong></span> <span class='ocrx_word' id='word_1_55' title='bbox 603 1887 731 1962; x_wconf 72' lang='lat' dir='ltr'><strong>Spiritus</strong></span> 
     </span>
     <span class='ocr_line' id='line_1_16' title="bbox 305 1970 750 2045; baseline -0.002 -18"><span class='ocrx_word' id='word_1_56' title='bbox 305 1971 429 2028; x_wconf 85' lang='lat' dir='ltr'><strong>Afflante</strong></span> <span class='ocrx_word' id='word_1_57' title='bbox 450 1986 509 2045; x_wconf 94' lang='lat' dir='ltr'><strong>quo</strong></span> <span class='ocrx_word' id='word_1_58' title='bbox 530 1978 642 2027; x_wconf 83' lang='lat' dir='ltr'><strong>mentes</strong></span> <span class='ocrx_word' id='word_1_59' title='bbox 664 1970 750 2027; x_wconf 84' lang='lat' dir='ltr'><strong>sacris</strong></span> 
     </span>
     <span class='ocr_line' id='line_1_17' title="bbox 305 2051 728 2124; baseline 0.002 -16"><span class='ocrx_word' id='word_1_60' title='bbox 305 2051 416 2110; x_wconf 89' lang='lat' dir='ltr'><strong>Lucent</strong></span> <span class='ocrx_word' id='word_1_61' title='bbox 435 2061 465 2108; x_wconf 91' lang='lat' dir='ltr'><strong>et</strong></span> <span class='ocrx_word' id='word_1_62' title='bbox 485 2051 585 2109; x_wconf 85' lang='lat' dir='ltr'><strong>ardent</strong></span> <span class='ocrx_word' id='word_1_63' title='bbox 606 2051 728 2124; x_wconf 84' lang='lat' dir='ltr'><strong>ignibus.</strong></span> 
     </span>
    </p>
   </div>
   <div class='ocr_carea' id='block_1_6' title="bbox 275 2295 808 2359">
    <p class='ocr_par' dir='ltr' id='par_1_6' title="bbox 275 2295 808 2359">
     <span class='ocr_line' id='line_1_18' title="bbox 275 2295 808 2359; baseline -0.013 -1"><span class='ocrx_word' id='word_1_64' title='bbox 275 2299 321 2359; x_wconf 92' lang='lat' dir='ltr'><strong>IN</strong></span> <span class='ocrx_word' id='word_1_65' title='bbox 351 2297 493 2356; x_wconf 89' lang='lat' dir='ltr'>FESTO</span> <span class='ocrx_word' id='word_1_66' title='bbox 522 2295 808 2353; x_wconf 77' lang='lat' dir='ltr'><strong>TRINITATIS:</strong></span> 
     </span>
    </p>
   </div>
   <div class='ocr_carea' id='block_1_7' title="bbox 360 2473 727 2520">
    <p class='ocr_par' dir='ltr' id='par_1_7' title="bbox 360 2473 727 2520">
     <span class='ocr_line' id='line_1_19' title="bbox 360 2473 727 2520; baseline -0.014 0"><span class='ocrx_word' id='word_1_67' title='bbox 360 2478 406 2520; x_wconf 80' lang='lat' dir='ltr'><strong>AD</strong></span> <span class='ocrx_word' id='word_1_68' title='bbox 427 2475 544 2520; x_wconf 86' lang='lat' dir='ltr'>PRIMAS</span> <span class='ocrx_word' id='word_1_69' title='bbox 567 2473 727 2517; x_wconf 84' lang='lat' dir='ltr'><strong>VESPERAS.</strong></span> 
     </span>
    </p>
   </div>
   <div class='ocr_carea' id='block_1_8' title="bbox 301 2587 786 2907">
    <p class='ocr_par' dir='ltr' id='par_1_8' title="bbox 301 2587 786 2748">
     <span class='ocr_line' id='line_1_20' title="bbox 301 2587 786 2664; baseline -0.008 -16"><span class='ocrx_word' id='word_1_70' title='bbox 301 2591 362 2649; x_wconf 92' lang='lat' dir='ltr'><strong>Ter</strong></span> <span class='ocrx_word' id='word_1_71' title='bbox 382 2598 488 2660; x_wconf 89' lang='lat' dir='ltr'><strong>sancte,</strong></span> <span class='ocrx_word' id='word_1_72' title='bbox 509 2597 552 2646; x_wconf 89' lang='lat' dir='ltr'><strong>ter</strong></span> <span class='ocrx_word' id='word_1_73' title='bbox 572 2597 676 2664; x_wconf 88' lang='lat' dir='ltr'><strong>potens</strong></span> <span class='ocrx_word' id='word_1_74' title='bbox 697 2587 786 2656; x_wconf 88' lang='lat' dir='ltr'><strong>Deus,</strong></span> 
     </span>
     <span class='ocr_line' id='line_1_21' title="bbox 302 2669 708 2748; baseline -0.01 -19"><span class='ocrx_word' id='word_1_75' title='bbox 302 2671 546 2748; x_wconf 88' lang='lat' dir='ltr'><strong>Incompreheusa</strong></span> <span class='ocrx_word' id='word_1_76' title='bbox 567 2669 708 2727; x_wconf 86' lang='lat' dir='ltr'><strong>Trinitas:</strong></span> 
     </span>
    </p>

    <p class='ocr_par' dir='ltr' id='par_1_9' title="bbox 302 2751 721 2828">
     <span class='ocr_line' id='line_1_22' title="bbox 302 2751 721 2828; baseline -0.01 -16"><span class='ocrx_word' id='word_1_77' title='bbox 302 2754 330 2812; x_wconf 91' lang='lat' dir='ltr'>O</span> <span class='ocrx_word' id='word_1_78' title='bbox 351 2755 399 2811; x_wconf 89' lang='lat' dir='ltr'><strong>lux</strong></span> <span class='ocrx_word' id='word_1_79' title='bbox 420 2751 570 2828; x_wconf 75' lang='lat' dir='ltr'><strong>perennis!</strong></span> <span class='ocrx_word' id='word_1_80' title='bbox 599 2751 721 2826; x_wconf 89' lang='lat' dir='ltr'><strong>propriis</strong></span> 
     </span>
    </p>

    <p class='ocr_par' dir='ltr' id='par_1_10' title="bbox 301 2832 647 2907">
     <span class='ocr_line' id='line_1_23' title="bbox 301 2832 647 2907; baseline -0.012 -13"><span class='ocrx_word' id='word_1_81' title='bbox 301 2836 329 2894; x_wconf 92' lang='grc' dir='ltr'>Ο</span> <span class='ocrx_word' id='word_1_82' title='bbox 349 2844 393 2893; x_wconf 87' lang='lat' dir='ltr'><strong>ter</strong></span> <span class='ocrx_word' id='word_1_83' title='bbox 413 2836 498 2892; x_wconf 86' lang='lat' dir='ltr'><strong>beata</strong></span> <span class='ocrx_word' id='word_1_84' title='bbox 518 2832 647 2907; x_wconf 84' lang='lat' dir='ltr'><strong>gaudiis!</strong></span> 
     </span>
    </p>
   </div>
   <div class='ocr_carea' id='block_1_9' title="bbox 297 2994 818 3378">
    <p class='ocr_par' dir='ltr' id='par_1_11' title="bbox 297 2994 818 3378">
     <span class='ocr_line' id='line_1_24' title="bbox 297 2994 689 3072; baseline -0.015 -16"><span class='ocrx_word' id='word_1_85' title='bbox 297 2997 326 3056; x_wconf 91' lang='grc' dir='ltr'>Ο</span> <span class='ocrx_word' id='word_1_86' title='bbox 347 3016 413 3055; x_wconf 86' lang='lat' dir='ltr'><strong>vera</strong></span> <span class='ocrx_word' id='word_1_87' title='bbox 434 3013 549 3072; x_wconf 90' lang='lat' dir='ltr'><strong>semper</strong></span> <span class='ocrx_word' id='word_1_88' title='bbox 569 2994 689 3052; x_wconf 82' lang='lat' dir='ltr'><strong>Unitast</strong></span> 
     </span>
     <span class='ocr_line' id='line_1_25' title="bbox 301 3076 694 3152; baseline -0.013 -15"><span class='ocrx_word' id='word_1_89' title='bbox 301 3079 328 3138; x_wconf 95' lang='lat' dir='ltr'>O</span> <span class='ocrx_word' id='word_1_90' title='bbox 350 3097 408 3137; x_wconf 84' lang='lat' dir='ltr'><strong>una</strong></span> <span class='ocrx_word' id='word_1_91' title='bbox 429 3096 544 3152; x_wconf 89' lang='lat' dir='ltr'><strong>semper</strong></span> <span class='ocrx_word' id='word_1_92' title='bbox 564 3076 694 3135; x_wconf 85' lang='lat' dir='ltr'><strong>Veritas!</strong></span> 
     </span>
     <span class='ocr_line' id='line_1_26' title="bbox 298 3157 818 3234; baseline -0.006 -15"><span class='ocrx_word' id='word_1_93' title='bbox 298 3160 327 3219; x_wconf 95' lang='lat' dir='ltr'>O</span> <span class='ocrx_word' id='word_1_94' title='bbox 349 3170 448 3218; x_wconf 84' lang='lat' dir='ltr'><strong>sancta</strong></span> <span class='ocrx_word' id='word_1_95' title='bbox 469 3177 590 3234; x_wconf 90' lang='lat' dir='ltr'><strong>semper,</strong></span> <span class='ocrx_word' id='word_1_96' title='bbox 613 3175 687 3233; x_wconf 83' lang='lat' dir='ltr'><strong>quae</strong></span> <span class='ocrx_word' id='word_1_97' title='bbox 708 3157 818 3216; x_wconf 86' lang='lat' dir='ltr'><strong>bonum</strong></span> 
     </span>
     <span class='ocr_line' id='line_1_27' title="bbox 298 3239 710 3311; baseline -0.007 -12"><span class='ocrx_word' id='word_1_98' title='bbox 298 3242 444 3302; x_wconf 89' lang='lat' dir='ltr'><strong>Diffundis</strong></span> <span class='ocrx_word' id='word_1_99' title='bbox 466 3259 561 3311; x_wconf 89' lang='lat' dir='ltr'><strong>omne,</strong></span> <span class='ocrx_word' id='word_1_100' title='bbox 584 3239 710 3298; x_wconf 83' lang='lat' dir='ltr'><strong>Caritas!</strong></span> 
     </span>
     <span class='ocr_line' id='line_1_28' title="bbox 675 3337 698 3378; baseline 0 0"><span class='ocrx_word' id='word_1_101' title='bbox 675 3337 698 3378; x_wconf 83' lang='grc' dir='ltr'><strong>Η</strong></span> 
     </span>
    </p>
   </div>
   <div class='ocr_carea' id='block_1_10' title="bbox 918 439 953 498">
    <p class='ocr_par' dir='ltr' id='par_1_12' title="bbox 918 439 953 498">
     <span class='ocr_line' id='line_1_29' title="bbox 918 439 953 498; baseline -0.029 0"><span class='ocrx_word' id='word_1_102' title='bbox 918 439 953 498; x_wconf 86' lang='grc'><strong>97</strong></span> 
     </span>
    </p>
   </div>
   <div class='ocr_carea' id='block_1_11' title="bbox 0 0 1244 3928">
    <p class='ocr_par' dir='ltr' id='par_1_13' title="bbox 0 0 1244 3928">
     <span class='ocr_line' id='line_1_30' title="bbox 0 0 1244 3928; baseline 0 6"><span class='ocrx_word' id='word_1_103' title='bbox 0 0 1244 3928; x_wconf 95' lang='lat' dir='ltr'><strong> </strong></span> 
     </span>
    </p>
   </div>
  </div>
 </body>
</html>
