2456 3904
358 399 397 456 In
418 397 573 458 Nan‘vz'tate
594 397 625 458 S.
634 397 766 474 Joanm's.
914 406 967 477 283

422 645 468 688 AD
490 644 707 690 MATUTINUM.

134 761 140 768 “
243 768 335 826 Antra
356 766 461 826 deserti
482 766 587 824 teneris
608 767 662 824 sub
683 769 775 838 annis,

244 848 356 907 Civium
377 858 485 906 turmas
506 847 628 924 fugiens,
650 849 753 926 petisti,

193 963 196 970 =
244 930 291 988 Ne
311 931 365 988 levi
386 947 489 1008 posses
509 929 653 988 maculare
674 931 762 988 vitam

322 1011 451 1069 Crimine
471 1009 593 1086 linguae.

241 1173 375 1232 Praebuit
396 1173 500 1231 durum
521 1183 658 1250 tegumen
679 1175 806 1233 camelus

241 1256 369 1313 Artubus
390 1255 486 1325 sacris,
508 1255 669 1332 strophium
689 1257 840 1328 bidentes;

143 1401 148 1410 ,
240 1336 295 1394 Cui
315 1337 391 1394 latex
412 1336 554 1406 haustum,
577 1338 685 1395 sociata
705 1347 820 1415 pastum

321 1417 411 1475 Mella
431 1416 556 1476 locustis.

242 1579 337 1638 Ceteri
358 1588 469 1636 tantum
490 1578 618 1646 cecinere
640 1579 748 1638 Vatum

240 1661 336 1720 Corde
358 1678 499 1738 praesago
518 1661 601 1738 jubar
621 1661 792 1731 affuturum

239 1743 287 1799 Tu
308 1742 426 1818 quidem
446 1743 547 1800 mundi
568 1743 661 1802 scelus
683 1743 858 1821 auferentem

320 1824 420 1882 Indice
441 1824 549 1902 prodis.

238 1987 308 2045 Non
330 1986 381 2045 fuit
402 1987 473 2045 vasti
494 1985 619 2066 spatium
640 2005 691 2064 per
711 1987 789 2046 orbis

239 2069 369 2128 Sanctior
389 2070 543 2145 quisquam
563 2069 677 2144 genitus
697 2068 821 2146 Joanne,

236 2151 295 2222 Qui
317 2151 398 2209 nefas
420 2151 506 2210 saecli
527 2151 630 2209 meruit
642 2151 793 2220 ¹lavantem

318 2231 445 2308 Tingere
466 2232 599 2310 lymphis.

238 2394 280 2451 Sit
301 2394 389 2452 decus
411 2393 495 2466 Patri,
517 2395 690 2470 genitaeque
712 2395 797 2466 Proli,

234 2475 273 2532 Et
293 2476 343 2532 tibi
365 2493 484 2552 compar
504 2477 650 2550 utriusque
672 2477 757 2534 virtus

236 2557 356 2634 Spiritus
378 2575 500 2634 semper,
521 2556 603 2615 Deus
624 2573 698 2614 unus
720 2560 801 2616 omni

317 2639 472 2715 Temporis
493 2655 573 2697 aevo

452 2887 498 2930 AD
520 2886 655 2930 LAUDES.

233 3011 261 3070 Ο
283 3011 367 3069 nimis
389 3012 465 3082 selix,
487 3011 638 3086 meritique
657 3007 736 3081 celsi,

235 3093 376 3152 Nesciens
396 3093 492 3151 labem
512 3092 587 3150 nivei
608 3091 734 3170 pudoris,

234 3174 410 3249 Praepotens
430 3183 545 3249 martyr,
567 3174 897 3252 nemorumquecultor,
954 3245 955 3248 Ἴ

315 3255 444 3315 Maxime
465 3265 570 3315 vatum.
